3116 5178
904 329 970 408 350

853 433 1012 442 “““”“
1548 435 1550 498 l

370 533 521 606 Obroatis
540 537 685 607 inolitum
702 538 833 625 Ducem,
849 539 1023 606 Dominum
1041 558 1169 624 quoque
1194 541 1319 619 Quarto
1344 537 1446 608 Partis
1459 545 1488 607 et
1548 549 1550 614 i

370 647 513 714 Dimidio
543 648 643 716 totius
676 647 807 740 Imperii
825 648 993 734 Romanie,
1009 654 1042 715 et
1059 655 1170 716 eontra
1186 647 1439 717 famosissimam
1452 652 1481 714 et
1549 653 1550 660 ’

370 753 576 840 magnificans
601 753 807 822 Provinoiam
835 753 1053 840 Venellorum,
1080 761 1115 821 et
1139 775 1248 823 eorum
1264 755 1486 825 incurrerimus
1548 757 1550 792 i

370 859 627 948 indignationem
658 859 720 929 buo
752 858 793 929 de
826 880 928 932 eausa
958 861 993 929 in
1011 869 1147 952 mutum,
1164 863 1248 950 quod
1264 885 1286 931 a
1302 863 1486 933 victoriosis
1548 927 1550 954 ἢ

370 969 454 1038 simo
473 971 614 1039 exereitu
640 968 826 1039 eorumdem
858 977 958 1056 oapta
988 971 1128 1040 Ciuitate
1158 970 1334 1043 ladretina
1366 971 1486 1040 iubente
1548 957 1550 1024 l

371 1077 501 1146 donnino
526 1077 621 1148 eieoti
646 1086 679 1148 et
697 1078 826 1164 expulsi
845 1077 1001 1148 fuerimus
1019 1080 1061 1150 de
1081 1081 1205 1168 eudem,
1223 1087 1256 1148 et
1272 1079 1487 1149 eoniusiouen
1548 1139 1550 1180 ;

375 1195 409 1254 et
426 1185 661 1257 desolationem
687 1186 863 1254 maximam
889 1186 979 1272 possi
1003 1186 1161 1257 fuerimus
1184 1187 1221 1254 in
1246 1187 1346 1256 terris
1363 1188 1489 1266 alienis;
1548 1183 1550 1272 l

373 1300 482 1364 tamen
495 1295 572 1366 lieet
587 1293 741 1363 immeriti
756 1293 869 1363 eonfisi
883 1294 925 1364 do
940 1293 1115 1364 elementia
1129 1294 1345 1381 benignitatis
1359 1295 1486 1382 predioti
1548 1329 1550 1380 t

371 1401 495 1472 bomini
520 1402 622 1471 nostri
632 1401 732 1470 Duois
752 1401 867 1487 suique
886 1400 1020 1471 Consilii
1036 1409 1068 1471 et
1084 1403 1271 1472 communis
1290 1403 1487 1472 venetiarum
1548 1415 1550 1456 Ἴ

370 1511 464 1579 missi
480 1510 601 1580 luimus
617 1531 638 1577 a
652 1507 832 1579 Jadrotinis
848 1509 1003 1598 predictis
1017 1509 1059 1578 ud
1074 1510 1180 1598 pedes
1196 1511 1262 1580 iam
1279 1511 1361 1580 dieti
1377 1509 1485 1578 domiui
1548 1519 1550 1588 3

370 1616 1489 1712 uostriDuoisadpetendnrneiusmiserieordiamcumgratiaotciri·

371 1726 575 1796 tatemJadre
586 1744 657 1792 oum
668 1725 816 1794 omnibus
826 1725 1027 1810 pertinentiis
1038 1727 1157 1812 suiset
1166 1735 1263 1815 paeto
1272 1735 1306 1796 et
1316 1724 1486 1814 promissio·

371 1854 429 1903 nes
446 1840 478 1900 et
503 1833 719 1918 obligationes
744 1831 927 1899 faciendum
944 1831 1040 1902 dietis
1057 1834 1186 1900 domino
1218 1841 1331 1902 nostro
1358 1833 1437 1902 Duoi
1459 1840 1485 1898 et
1548 1863 1550 1910 4

372 1941 540 2010 (lommuni
551 1939 766 2025 venetiarum,
778 1945 878 2024 atque
889 1940 1107 2027 recipiendum
1119 1961 1229 2010 eorum
1246 1943 1379 2010 nomine
1394 1950 1425 2010 et
1438 1963 1483 2009 au·
1545 1931 1550 2042 j

372 2049 520 2119 ctoritate
537 2055 569 2117 et
579 2045 707 2115 nomine
717 2045 801 2114 dioto
811 2046 961 2115 Civitatis
978 2048 1078 2117 Jadre
1089 2053 1122 2115 et
1137 2046 1328 2118 communis
1346 2050 1481 2120 eiusdem
1548 2071 1550 2158 ᾗ

374 2169 406 2228 et
422 2156 641 2228 universorum
661 2154 903 2223 lauretinorum
920 2155 1040 2238 ubique
1056 2159 1338 2244 eommorautium,
1355 2167 1387 2227 et
1401 2179 1484 2244 super
1548 2173 1550 2224 3

373 2269 521 2339 omnibus
553 2273 585 2332 et
617 2264 651 2332 in
682 2262 842 2350 omnibus,
873 2284 935 2350 que
967 2263 1154 2332 duxerimus
1173 2265 1361 2334 faciendum
1377 2266 1480 2336 tunsio
1548 2307 1550 2354 t

373 2377 468 2446 rebus
498 2391 596 2461 quam
618 2373 652 2438 in
669 2373 817 2458 personis
833 2369 929 2439 huius
947 2371 1026 2438 laeti
1043 2374 1215 2442 oooasione
1231 2373 1275 2441 ad
1294 2377 1482 2442 voluntatem
1547 2355 1550 2496 ¹

372 2493 405 2551 ot
433 2480 673 2567 beneplacitum
689 2481 753 2546 iaus
781 2479 859 2546 dieti
885 2479 1009 2546 domini
1026 2481 1127 2548 nostri
1144 2483 1246 2548 Duois
1264 2483 1398 2566 eiusque
1412 2479 1482 2548 (lon-
1545 2497 1550 2626 1

374 2594 443 2662 silli
459 2599 558 2674 atque
574 2594 729 2673 nostrum,
743 2589 827 2656 siout
847 2587 880 2653 in
896 2587 1025 2674 publioo
1042 2588 1258 2657 instrumento
1275 2587 1366 2658 dioto
1381 2610 1478 2674 proou·
1549 2649 1550 2670 2

374 2698 510 2769 rationis
536 2703 568 2765 ot
593 2694 780 2782 syndioarie
795 2715 894 2762 manu
920 2694 1084 2763 Gabrielis
1099 2695 1227 2764 Paulini
1244 2697 1373 2766 Notarii
1388 2703 1418 2765 et
1430 2698 1482 2764 Dn-
1548 2713 1550 2764 1

374 2810 456 2878 oalis
471 2806 546 2875 aulo
560 2801 773 2872 venetiarum
792 2801 990 2870 Oaneellarii
1001 2801 1145 2872 oonleoto
1161 2805 1290 2890 plenius
1303 2806 1480 2886 eontinetur,
1548 2823 1550 2870 2

374 2925 467 2985 tenor
497 2913 590 2980 ouius
620 2909 757 2978 inferius
774 2908 956 2978 denotatur.
975 2911 1092 2979 Verum
1109 2910 1271 2996 aduodes
1287 2909 1478 2998 prediotido·
1548 2967 1550 2974 ,

375 3023 453 3092 mini
483 3019 584 3088 Duoie
598 3038 656 3103 pro
673 3016 724 3084 his
755 3015 920 3085 humiliter
951 3015 1157 3104 aecedentes,
1174 3025 1207 3085 et
1222 3019 1366 3103 gretiam
1391 3017 1479 3088 elmi·
1548 3041 1549 3044 ¹

355 3204 357 3210 ,
374 3126 582 3203 serioordiam
597 3126 812 3212 postulantes,
830 3125 916 3192 idem
932 3125 1202 3194 elementissimus
1219 3127 1373 3197 domiuus
1388 3135 1482 3196 noster
1549 3169 1550 3172 =

375 3245 450 3309 Dux
466 3258 537 3306 oum
548 3253 607 3302 suo
617 3231 759 3300 Consilio
771 3233 813 3300 al
824 3232 996 3301 Dominum
1008 3233 1303 3303 etmiserioordiam
1318 3243 1481 3322 respectum
1549 3243 1550 3248 ’

375 3348 510 3430 babens,
521 3349 553 3410 et
568 3360 634 3408 non
649 3340 693 3408 ad
707 3340 827 3407 merite
842 3347 955 3410 nostre
971 3341 1160 3430 respiciens,
1182 3362 1241 3410 nos
1256 3363 1372 3412 omnes
1386 3341 1481 3412 Jolre
1548 3337 1550 3346 ’

288 3537 293 3546 q
374 3455 459 3524 tinos
487 3449 532 3517 ad
556 3469 650 3517 suam
682 3447 822 3534 gratiam
848 3449 1014 3518 revocavit
1032 3456 1131 3532 atque
1148 3451 1280 3539 reoepit,
1297 3471 1340 3520 ae
1357 3452 1442 3520 nobis
1455 3455 1482 3517 at

375 3561 451 3629 aliis
475 3556 655 3626 Jatlretinis
687 3554 842 3624 universis
872 3555 937 3624 iam
964 3556 1058 3626 dietis
1083 3556 1202 3626 dietam
1220 3557 1309 3627 dedit
1325 3559 1481 3628 civitaten

375 3687 447 3734 eum
464 3662 670 3752 pertinentiis
687 3662 763 3750 suis,
789 3684 861 3731 oum
886 3666 993 3750 paulis
1016 3673 1050 3731 et
1076 3665 1314 3736 conditionibus
1339 3668 1481 3734 interme

374 3772 530 3856 traetatis,
548 3769 708 3839 ordinatis
735 3777 768 3839 et
792 3770 1004 3859 oonoordatis,
1030 3777 1063 3840 et
1087 3792 1110 3839 a
1133 3773 1229 3843 nobis
1252 3773 1420 3860 promissis
1436 3788 1480 3838 no·
1549 3797 1550 3800 ¹

374 3882 460 3950 mine
493 3883 527 3948 et
558 3876 628 3944 vioe
660 3885 758 3964 atque
796 3880 951 3948 mandato
981 3885 1014 3946 et
1044 3882 1240 3950 auctoritate
1269 3880 1475 3969 prediotorun

254 3991 258 3998 '
373 3989 517 4058 omnium
542 3981 783 4054 Jadretiuorum
803 3994 962 4074 perpetuo
980 3987 1206 4074 observandis,
1223 4009 1286 4076 que
1301 3990 1381 4058 talia
1395 3989 1479 4056 eunt:

373 4097 492 4165 Volunt
506 4091 670 4162 ladretini
687 4111 814 4178 semper
829 4092 1119 4182 Arohiopisoopnm
1137 4096 1260 4181 eligere
1286 4096 1328 4164 tle
1353 4091 1478 4163 venetiis

375 4212 407 4272 et
422 4202 544 4270 habere
559 4219 580 4266 a
595 4197 708 4268 Gradu
725 4200 879 4270 videlieet
908 4222 1011 4286 usque
1042 4203 1149 4290 Caput
1180 4205 1330 4293 Aggeris,
1361 4205 1479 4285 eiusque

376 4311 571 4382 eleotionem
603 4308 835 4393 presentabant
850 4309 981 4378 domino
997 4309 1186 4379 Putriarobe
1203 4311 1363 4382 Grudensi
1377 4307 1474 4378 oouir·

375 4421 552 4488 mationem
583 4415 687 4502 ipsius
718 4415 889 4488 eleotionis
928 4419 1158 4506 postulantes3
1191 4427 1223 4487 et
1252 4416 1476 4490 oonllrrualiout

374 4529 464 4595 loeta
478 4522 587 4593 veniet
611 4524 731 4595 eleetos
748 4524 923 4594 adsedem
954 4524 1220 4614 Patriarobalem,
1237 4535 1270 4595 et
1299 4517 1473 4596 consecrati·

373 4653 467 4706 onem
484 4631 525 4700 de
540 4649 640 4698 manu
657 4653 716 4701 sua
732 4631 876 4722 reeipiet,
904 4633 1065 4720 laniatque
1082 4635 1111 4702 ei
1128 4635 1327 4726 fidelitatem,
1345 4648 1473 4706 reveren·
