3182 5200
617 495 779 598 *aa*

129 685 281 762 Ducatus
298 693 402 762 nostri
433 694 556 764 servire
579 696 761 781 tenebatur,
794 714 866 761 oum
899 694 1047 764 omnibus
1073 684 1265 782 hominibus,

132 807 239 871 servis
256 810 289 870 et
304 801 415 872 liberis
431 805 503 870 Deo
529 808 561 869 et
580 803 682 870 Beate
698 804 800 871 Maria
816 804 1008 872 contulimus
1023 804 1067 870 ad
1082 803 1263 872 Abbaoiam

133 912 397 994 construendam,
414 910 455 978 de
470 912 575 978 Domo
592 909 840 997 Glareuallensi,
858 910 989 980 Ordinis
1022 913 1264 997 cysterciensis.

129 1019 346 1106 Quapropter
362 1018 555 1087 mandamus
581 1026 613 1088 et
644 1021 828 1088 hominibus
860 1021 984 1107 pretate
1004 1026 1087 1087 terre
1117 1019 1266 1088 districte

128 1130 342 1215 precipimus,
374 1136 533 1212 quatenns
566 1127 696 1197 dilectis
722 1129 879 1196 tratribus
909 1130 1039 1216 nostris,
1062 1130 1265 1216 presencium

125 1237 298 1325 latoribus,
315 1243 349 1306 et
364 1238 511 1305 Ecclesia
528 1237 590 1304 Dei
607 1236 723 1305 devote
739 1237 909 1327 obediant,
925 1245 958 1306 ot
973 1241 1109 1323 negocia
1120 1239 1264 1323 ipsorum

126 1343 269 1413 fideliter
286 1353 508 1432 promoveant,
526 1351 558 1411 ct
574 1365 613 1412 eo
639 1345 708 1412 inre
733 1343 855 1414 eisdem
888 1347 1041 1432 serviant,
1075 1367 1138 1432 quo
1169 1347 1264 1414 nobis

126 1461 374 1521 consueverant.
407 1451 502 1532 Quod
518 1454 546 1520 si
562 1473 626 1520 non
658 1453 795 1521 fecerint
820 1454 903 1521 iram
934 1463 966 1521 et
997 1454 1262 1538 indignacionem

125 1569 275 1628 nostram
307 1560 499 1647 gravissime
531 1560 704 1630 incurrent.
742 1561 863 1630 Datum
896 1583 982 1631 anno
1021 1561 1128 1647 Regni·
1164 1565 1265 1630 nostri

125 1689 247 1755 prrmo.

275 1869 439 1934 (Thalosics,
461 1869 586 1921 Monum.
607 1867 674 1920 hist.
694 1868 784 1934 Episc.
804 1869 1000 1937 Zagrcbicnsis
1027 1873 1068 1920 rt.
1088 1871 1118 1934 t.)

563 2162 830 2173 ...ψ-.-

673 2700 727 2766 58.

3 2859 6 2984 Ξ
126 2901 178 2966 II.
198 2900 311 2965 Euclea
332 2893 491 2985 Czwezfey
509 2901 661 2986 palpatae
686 2901 838 2985 tdrppuzd
863 2900 1045 2984 adomcirtyc
1077 2924 1097 2964 a
1122 2897 1262 2987 fontebb,

230 3013 285 3075 56.
302 3031 345 3072 aa.
363 3031 395 3072 α.
414 3009 542 3073 emittett
559 3008 721 3074 ιῘοΙιαιιηεε
738 3009 872 3074 Latinus
889 3013 1047 3075 scrinarii-a.
1066 3009 1162 3074 1206.

238 3210 280 3274 In
321 3204 451 3273 nomine
491 3205 610 3272 Sancte
643 3204 814 3272 Trinitatis
845 3212 876 3271 et
907 3205 1078 3272 Indiuiduo
1111 3205 1263 3276 Urritatis.

7 3297 9 3324 ³
129 3315 283 3384 Andreas
315 3313 377 3380 Dei
408 3314 522 3398 gracia
551 3313 730 3400 Hungario,
762 3313 945 3399 Dalmaoie,
977 3313 1120 3403 Oroacie,
1151 3317 1262 3404 Rarrre,

126 3427 254 3512 Seruio,
271 3423 422 3509 Galtioie,
439 3421 696 3505 Lodomeriequc
712 3423 783 3488 Rex
799 3423 834 3488 in
850 3429 1051 3509 perpetuum.
1085 3423 1189 3508 Regis
1204 3423 1261 3489 Se-

10 3589 12 3614 ,
124 3533 278 3599 recitatis
295 3529 465 3597 deuocioni
484 3530 655 3614 plurimum
671 3529 811 3616 expedit,
831 3531 915 3613 qnod
931 3551 972 3597 ex
999 3529 1085 3598 sonte
1117 3533 1262 3599 nascitur

125 3641 273 3726 pietatis,
290 3644 325 3704 ut
341 3638 485 3723 hospites
503 3659 614 3706 omncs
632 3639 674 3704 ad
692 3640 797 3704 sinum
814 3659 872 3706 suc
887 3639 1097 3723 benignitatis
1114 3641 1259 3726 confugi·

12 3803 14 3816 .
126 3755 222 3815 entes
238 3745 398 3830 suscipiat
414 3753 446 3812 et
462 3744 590 3832 foueat3
617 3745 676 3813 sed
694 3746 781 3812 racio
797 3746 982 3833 persuadet,
1000 3755 1035 3815 ut
1051 3769 1107 3816 eos
1123 3772 1260 3838 propen-

12 3847 15 3888 ²
126 3859 197 3925 sins
213 3861 366 3942 protegat
381 3861 414 3921 et
430 3862 631 3942 promouent,
650 3875 732 3939 qnos
749 3853 791 3923 ad
808 3856 963 3923 honorem
980 3854 1104 3925 Corone
1116 3865 1147 3923 et
1156 3858 1262 3942 Regni

127 3963 302 4030 utilitatem
318 3963 499 4048 inspexerit
523 3963 686 4031 estieacius
713 3963 896 4048 inuigilare.
938 3965 1043 4032 Huius
1073 3964 1172 4050 igitur
1203 3985 1261 4049 rey

126 4071 357 4160 speculacione
372 4070 546 4140 salubriter
577 4073 743 4140 ammoniti
775 4079 808 4138 et
837 4073 944 4140 Johan
975 4073 1087 4140 Latini
1119 4073 1259 4158 hospitis

124 4179 231 4246 tidelis
248 4179 350 4246 nostri
366 4179 475 4246 militis
490 4181 696 4248 seruiciorom
713 4183 828 4247 merita
855 4179 992 4248 fideliter
1018 4187 1049 4247 et
1082 4178 1261 4247 efficaciter·

125 4287 224 4356 nobis
240 4287 390 4377 impensa
406 4287 660 4377 considerantes,
677 4297 798 4356 terram
815 4289 980 4374 quandam
996 4288 1125 4356 nomine
1152 4288 1260 4355 Owen·

124 4395 183 4485 t'cy
200 4397 362 4481 pristaldo
379 4397 502 4464 infideli
520 4395 605 4485 (tgy)
623 4404 732 4465 nostro
748 4396 879 4466 Andrea
895 4397 962 4465 filio
978 4395 1148 4465 Teutonici
1174 4397 1259 4463 Mar·

125 4503 188 4571 tini
206 4503 248 4571 de
264 4504 341 4570 villa
357 4505 520 4593 Vratotus,
537 4505 734 4573 hereditario
752 4506 822 4572 iure
838 4507 873 4572 in
889 4513 1082 4592 perpetuum
1100 4507 1130 4574 ci
1148 4515 1259 4574 contu·

125 4613 227 4680 limus
243 4613 487 4698 possidendam.
527 4611 596 4692 Qvo
612 4623 700 4683 terra
716 4613 768 4682 his
785 4599 878 4682 metis
896 4620 928 4680 et
952 4613 1100 4682 terminis
1127 4615 1260 4681 circum·

123 4722 274 4809 gingitur
289 4727 321 4789 et
339 4721 549 4790 concluditur.
590 4723 712 4810 Incipit
726 4723 837 4810 itaque
854 4723 959 4810 prima
975 4729 1061 4790 mota
1078 4721 1119 4790 de
1135 4723 1260 4790 Baran-

41 4871 42 4874 π
126 4829 217 4916 cuth,
236 4836 269 4898 et
285 4831 495 4920 progrediens
511 4833 702 4901 terminatur
718 4831 793 4902 title
811 4831 990 4902 Lewcneoh
1003 4856 1015 4922 3·
1033 4828 1117 4898 rudo
1145 4830 1258 4896 oriens

1111 4935 1152 5008 6¹2
