3182 5200
623 1012 677 1080 til.

103 1215 318 1282 ner-errarent·
333 1216 495 1282 sarzano
520 1217 656 1301 napum
683 1216 855 1283 dalmatias·
880 1220 911 1283 o
935 1215 1023 1299 nup
1047 1215 1214 1280 ornemur

14 1315 16 1424 ξ
477 1325 612 1390 cerosolo
627 1325 708 1391 kozt.
727 1326 822 1390 1208.

14 1463 17 1616 ι
194 1521 259 1589 Nos
275 1520 426 1587 homines
442 1520 596 1607 Mollicte,
614 1519 691 1604 quia
708 1540 748 1587 ex
766 1519 902 1588 iuridico
919 1519 1025 1587 relatu
1051 1517 1213 1587 seniorum

14 1617 16 1722 l
101 1633 264 1694 nostrorum
280 1627 431 1714 diligenti
447 1648 526 1696 cura
542 1627 735 1716 invenimus,
753 1631 837 1696 inter
853 1627 1000 1696 homines
1015 1626 1149 1711 chusii
1181 1631 1215 1692 et

14 1775 16 1798 r
100 1735 225 1802 llolfiote
240 1737 332 1807 cives
348 1744 460 1804 matna
477 1735 651 1804 dilectione
678 1745 710 1804 et
741 1735 1033 1821 consanguinitatis
1064 1733 1214 1821 proximi·

14 1807 20 1916 i
100 1849 157 1910 tate
171 1844 215 1911 sic
229 1863 302 1913 csse
319 1853 512 1913 conventum
529 1853 561 1912 et
576 1844 755 1913 stabilitum
773 1870 781 1913 :
798 1849 834 1912 ut
849 1863 909 1911 nec
925 1841 1059 1929 Ragnsii
1074 1842 1163 1909 cives
1178 1842 1213 1912 in

99 1952 227 2020 llolliota
242 1953 372 2039 planam
388 1955 567 2021 tribuerent
584 1954 634 2021 vol
667 1952 868 2040 scalaticum,
900 1973 960 2020 noo
992 1951 1214 2018 llolliocenscs

97 2059 261 2146 Rugusium
276 2063 406 2146 planam
422 2063 476 2130 vel
491 2062 681 2130 sealaticum
698 2069 731 2130 et
747 2062 902 2130 familiam
918 2062 970 2130 vel
982 2057 1213 2144 ancoraticnm,

99 2169 282 2252 quodetiam
297 2170 418 2238 mutuis
434 2169 614 2256 privilegiis
631 2171 848 2257 firmaverunt,
875 2169 909 2236 in
940 2189 1038 2237 unum
1068 2187 1213 2254 quornm,

99 2277 204 2344 lactum
228 2298 249 2344 a
273 2277 406 2345 domino
431 2277 556 2345 Comite
580 2276 741 2346 Robberto
768 2277 959 2364 Capersanl,
991 2275 1078 2362 apud
1108 2277 1214 2360 Ragn-

99 2385 169 2450 sirm
184 2387 317 2470 resedit,
335 2392 367 2452 et
382 2385 471 2453 aliud
488 2385 521 2452 in
537 2387 686 2454 llelficta.
705 2387 747 2454 Et
762 2387 839 2471 quia
854 2385 990 2471 Ragusii
1008 2383 1213 2471 prlvilegium
1252 2396 1260 2410 ‘

99 2494 264 2579 apredicto
280 2495 552 2563 domino-Comite
566 2494 686 2563 lactum
717 2495 857 2563 inveniri
888 2515 953 2562 non
984 2493 1098 2580 potnit,
1129 2492 1215 2560 sicut

101 2603 180 2670 nobis
194 2625 252 2689 per
268 2604 399 2671 litteras
414 2603 682 2688 significaverunt
697 2611 880 2691 querentes,
908 2610 943 2670 ut
967 2601 1135 2686 exemplar
1150 2601 1213 2686 pri-

98 2709 196 2797 vilegii
212 2712 366 2781 distincte
381 2711 581 2780 mitteremus
598 2737 606 2779 :
623 2713 706 2780 sicut
721 2713 814 2779 nobis
830 2733 888 2799 per
909 2711 1054 2780 seniores
1086 2717 1212 2778 nostros

100 2819 151 2884 luit
163 2821 381 2906 significatum
398 2819 520 2888 saniori
535 2821 681 2908 consilio,
698 2820 862 2888 dominnm
874 2819 1048 2904 Rogcrium
1065 2817 1106 2885 de
1125 2817 1213 2883 Pisa-

99 2945 144 3012 na,
158 2927 255 2996 lilium
272 2928 399 2995 domini
417 2928 551 2996 Comitis
566 2927 715 3017 Berardi,
730 2929 886 2996 vicarium
901 2927 1082 3009 adivimns3
1107 2931 1139 2991 et
1153 2923 1214 2990 hcc

100 3035 202 3125 onnia,
218 3036 364 3119 qualiter
379 3037 462 3103 inter
478 3056 536 3104 nos
552 3038 692 3106 decursa
706 3037 826 3106 fuerint
841 3038 950 3122 spatio
967 3033 1141 3118 sexaginta
1156 3053 1212 3098 an·

99 3161 207 3229 norum,
223 3145 441 3228 significando
457 3146 625 3214 mandavit
640 3145 744 3230 nobis,
759 3154 794 3214 ut
811 3148 912 3213 bonos
937 3163 1042 3211 mores
1059 3140 1211 3208 Civitatis

100 3251 191 3320 ethos
205 3253 347 3320 maxime
362 3254 467 3321 modis
483 3253 630 3321 omnibus
647 3273 851 3323 servaremus
868 3250 1018 3337 iubendo,
1043 3256 1079 3318 ut
1109 3249 1215 3334 predi-

100 3367 156 3426 uos
171 3361 317 3428 homines
333 3361 468 3447 Ragnsii
484 3382 505 3427 a
522 3361 617 3447 plano
632 3363 758 3447 reliqua
773 3359 905 3429 datione
920 3361 954 3427 in
969 3357 1108 3426 Melficto
1118 3355 1214 3423 liberi

98 3474 191 3534 essent
206 3474 238 3537 et
252 3470 366 3554 quieti.
390 3472 527 3556 Insuper
543 3470 711 3540 mandavit
726 3469 830 3556 nobis,
847 3475 883 3536 ut
894 3465 1214 3555 predictoshominen

16 3567 19 3626 l
99 3574 216 3660 Ragusii
232 3599 496 3647 assecuraremus
511 3583 599 3646 omni
616 3588 693 3647 tunc
708 3580 741 3644 in
758 3577 908 3666 predicta
924 3595 1035 3644 causa.
1072 3572 1215 3642 Proinde

98 3703 147 3752 nos
161 3690 336 3773 decarnus,
351 3686 412 3752 Dei
429 3687 535 3772 gratia
550 3687 761 3756 Mclfiotensis
778 3686 967 3774 Episcopus,
985 3691 1018 3754 et
1034 3702 1094 3752 nos
1112 3681 1210 3750 homi-

98 3811 147 3858 nes
161 3793 372 3862 llelfictenscs
387 3795 545 3879 volentes,
562 3803 608 3881 ul,
624 3797 711 3879 qnod
728 3817 787 3881 por
803 3795 944 3882 spatium
960 3792 1135 3877 sexaginta
1158 3809 1216 3858 an·

98 3919 196 3968 norum
212 3902 298 3970 inter
314 3922 374 3969 nos
390 3911 554 3970 servatum
580 3903 650 3991 fuit,
674 3905 707 3970 in
739 3909 838 3970 antea
869 3909 1087 3984 servarentur,
1119 3903 1153 3966 et
1180 3900 1213 3965 in

98 4011 227 4091 presenti
245 4030 485 4096 renovaremus,
503 4012 730 4078 mandavimus
757 4009 882 4079 lossffo
913 4007 1083 4090 Navolero,
1116 4012 1150 4071 ut
1179 4005 1213 4070 in

99 4117 197 4183 anima
212 4119 356 4186 omnium
374 4116 475 4185 iurari
491 4118 535 4185 ad
551 4119 652 4186 Sacra
668 4119 729 4187 Dei
746 4118 926 4205 Evangelia
942 4107 1127 4184 heo'omuia
1155 4113 1211 4178 ob-

99 4241 216 4292 servare
232 4231 265 4294 et
280 4226 470 4314 adtendere,
486 4227 570 4294 sicut
586 4248 644 4313 per
675 4227 808 4312 longum
840 4233 969 4311 tempus
1001 4224 1210 4290 observatum

99 4337 139 4397 est
153 4339 183 4400 et
198 4334 364 4402 usitatum.
403 4335 438 4402 Si
454 4334 529 4417 quis
545 4345 654 4402 autem
671 4347 787 4403 contra
803 4333 900 4401 huius
925 4331 1040 4416 scripti
1066 4335 1210 4396 tenorem

98 4440 194 4509 venire
210 4441 697 4530 contravenerit,anathematis
715 4441 847 4511 vinculo
864 4438 1047 4526 innodetur,
1073 4443 1106 4507 et
1138 4435 1214 4503 dno·

102 4546 194 4616 decim
212 4551 367 4619 librarum
384 4553 457 4619 anri
473 4551 618 4638 pondere
633 4551 775 4618 leniatur.
786 4549 857 4618 Hoc
872 4555 979 4617 autem
995 4543 1217 4616 renovationis

97 4657 243 4746 scriptum
262 4667 369 4731 sctum
387 4668 438 4731 est
454 4681 540 4734 anno
552 4659 725 4730 millesimo
738 4658 960 4730 ducentesimo
970 4665 1094 4741 octavo,
1105 4671 1216 4724 mense
