3116 5186
362 517 495 603 vestris,
528 518 583 600 qui
613 517 777 586 vobiscum
802 518 945 603 fuerint3
979 527 1012 586 et
1036 528 1194 604 quantum
1219 523 1309 590 vobis
1336 523 1494 610 placuerit·

364 627 452 692 sture
467 624 556 711 opud
573 644 643 709 nos,
659 623 752 693 stetis
770 645 840 694 cum
867 625 954 694 omni
979 626 1101 695 honore
1129 653 1138 714 ;
1162 636 1196 696 et
1221 629 1345 697 nullum
1373 633 1495 698 mulum
1554 709 1555 714 η

364 729 525 800 faciemus
560 751 667 816 nsque
702 731 795 802 robis
819 732 957 818 domino,
988 753 1095 817 neque
1125 735 1218 803 uxori
1245 745 1490 824 resumensque
1553 755 1555 822 ,

366 836 445 905 tiliis
480 841 607 918 uestris,
636 859 744 923 neque
770 839 835 907 aiio
863 846 973 908 vestro
999 841 1129 927 hebere,
1155 863 1261 928 neque
1286 845 1488 930 magnatibus

366 944 496 1033 vestris,
512 965 617 1030 neque
634 947 703 1014 elio
721 953 843 1034 vestro,
861 968 965 1033 neque
981 948 1103 1018 habere
1119 969 1239 1038 eornm,
1264 951 1324 1018 sed
1349 959 1385 1019 ιι
1397 952 1490 1020 hebe-

368 1051 431 1119 atis
447 1051 603 1122 honorem
629 1062 660 1122 et
678 1056 896 1123 salvationem
916 1055 1093 1125 secundum
1120 1063 1264 1126 nostrum
1288 1078 1387 1145 posse
1410 1060 1489 1126 sicut

369 1159 529 1228 dominus.
547 1163 588 1227 Et
605 1160 875 1247 quandocumque
893 1162 1061 1232 uolueritis
1079 1164 1128 1232 ire
1145 1165 1185 1232 de
1210 1165 1303 1233 nobis
1328 1166 1374 1232 cd
1397 1166 1491 1232 eiiam

367 1274 504 1354 partem,
521 1267 609 1336 ibitis
625 1267 750 1354 scopuli
767 1290 839 1337 cum
855 1271 943 1343 omni
959 1270 1084 1338 honore
1100 1292 1173 1339 cunr
1199 1271 1349 1341 omnibus
1380 1272 1489 1340 vestis

367 1381 400 1440 et
415 1393 488 1441 cnrn
504 1381 571 1444 toto
586 1374 706 1443 hebere
723 1382 832 1442 vestro
848 1381 881 1444 et
898 1397 969 1442 cum
986 1382 1054 1444 toto
1065 1376 1186 1445 hebere
1196 1397 1317 1462 eornm,
1346 1385 1379 1444 et
1388 1397 1445 1444 nos
1459 1387 1488 1444 te

368 1480 593 1550 conducemus.
612 1483 653 1549 Iit
669 1489 753 1549 terre
769 1490 876 1550 vestre
902 1489 935 1549 et
951 1483 1137 1552 civitatibus
1165 1483 1284 1551 vestris
1309 1504 1375 1551 non
1399 1483 1491 1552 offen-

370 1587 483 1654 demus
500 1609 561 1656 nec
576 1587 747 1656 manifeste
763 1609 822 1656 nec
847 1592 983 1676 occulte,
1011 1590 1070 1658 sed
1095 1598 1131 1658 ιιι
1156 1609 1303 1659 amemus
1332 1609 1389 1659 eas
1413 1593 1488 1658 sicut

369 1705 494 1778 nosmet
511 1699 609 1784 ipsos.
626 1697 668 1763 Ει
683 1704 719 1764 ut
735 1704 857 1766 stemus
883 1699 918 1765 in
943 1698 1085 1783 antiquis
1110 1699 1270 1790 maceriis,
1298 1707 1332 1769 et
1358 1702 1429 1786 pius
1455 1701 1492 1767 de

370 1801 436 1872 illis
453 1825 518 1871 non
535 1803 837 1893 conprehendomus
851 1807 944 1873 nullo
960 1803 1054 1873 modo
1075 1807 1117 1872 Et
1133 1805 1363 1876 Comercsrius
1386 1816 1487 1876 vester
1552 1811 1555 1886 ι

369 1917 433 1978 stet
448 1913 536 1998 apud
553 1933 622 1992 nos,
637 1918 670 1979 et
688 1912 818 1979 anobis
837 1911 964 1979 nnllnm
981 1909 1171 1981 scandulum
1196 1913 1321 1982 habeat
1336 1938 1345 2000 ς
1363 1920 1396 1982 et
1410 1912 1487 2000 qnod
1552 1925 1555 2054 ¹

372 2025 422 2086 est
440 2018 482 2087 de
497 2027 607 2088 vestre
621 2019 757 2104 iustitio,
773 2025 874 2088 totum
891 2020 934 2087 ad
951 2022 1081 2105 plenum
1097 2020 1157 2087 tibi
1179 2022 1304 2090 demus.
1331 2024 1374 2089 Et
1397 2043 1489 2107 quen·
1554 2063 1555 2102 2

371 2126 413 2194 do
428 2146 487 2194 vos
508 2149 565 2214 per
591 2147 681 2195 mare
707 2126 902 2195 adiutorium
928 2126 1067 2194 anobis
1095 2127 1280 2226 quesieritis
1307 2138 1342 2197 et
1367 2129 1490 2198 ierimus

373 2232 431 2300 tibi
450 2233 484 2300 in
507 2235 715 2320 adiutorium,
733 2234 767 2302 in
793 2235 849 2302 iilo
876 2254 963 2302 anno
989 2233 1135 2302 dimittes
1159 2235 1252 2304 nobis
1277 2243 1382 2305 totum
1406 2235 1491 2320 illud,

373 2340 459 2426 qnod
476 2340 635 2409 habemus
651 2344 684 2409 in
711 2362 803 2409 usum
829 2340 941 2427 dandi,
969 2350 1002 2409 et
1026 2343 1145 2409 nostris
1172 2345 1418 2430 mercatoribus,
1441 2343 1493 2426 qni,

371 2448 540 2516 ambulent
557 2468 614 2535 per
629 2455 749 2516 terrem
766 2457 918 2528 restrum,
937 2450 1108 2518 dimittetis
1125 2449 1259 2537 donum,
1287 2454 1375 2522 sicut
1394 2451 1487 2520 sancti

374 2575 456 2623 cuns
492 2561 600 2624 vester
634 2565 666 2624 et
702 2562 798 2643 poter
832 2563 948 2643 uester,
973 2559 1105 2641 quando
1137 2558 1379 2628 adiurabamus
1409 2560 1486 2644 illos,

371 2663 565 2732 dimiserunt
580 2666 685 2730 nobis.
702 2664 737 2730 Si
754 2671 944 2731 autemnon
961 2666 1139 2751 poterimus
1155 2664 1248 2733 vobis
1272 2666 1322 2733 ire
1347 2667 1382 2734 in
1406 2667 1488 2734 adiu·

370 2773 499 2856 terium,
516 2773 614 2839 tolles
630 2777 730 2839 totum
746 2770 839 2857 illud,
861 2772 947 2856 quod
968 2773 1069 2841 estde
1079 2772 1328 2840 consuetudine.
1344 2775 1387 2841 Ει
1401 2773 1496 2840 ctiam-

372 2883 421 2951 sic
456 2884 601 2951 iuremus
633 2885 726 2951 robis
761 2883 844 2950 sicut
868 2883 969 2950 nostri
996 2883 1121 2950 nobiles
1147 2881 1253 2950 nuntii
1280 2882 1485 2952 iuraverunt:

371 2991 522 3059 Metheus
538 2990 686 3072 Bobstie,
705 2987 880 3057 Gerucsius
895 2989 1092 3078 Nsymerins
1108 2996 1141 3056 et
1157 2989 1275 3059 Petrus
1302 2989 1347 3058 de
1372 2991 1483 3071 Sueto,

373 3106 406 3166 et
421 3119 480 3185 per
495 3099 617 3166 nnllam
634 3098 838 3166 occasionem
855 3117 1040 3183 rumpemus
1056 3097 1119 3164 hoo
1133 3104 1377 3165 sacromentum
1389 3097 1492 3166 robis·-

371 3225 452 3290 cum,
468 3212 501 3274 et
517 3211 556 3272 ut·
569 3206 695 3273 firmum
710 3210 890 3273 teneamus.
912 3205 953 3271 iit
978 3205 1006 3271 si
1030 3203 1165 3288 aliquod
1191 3205 1350 3271 iniustum
1374 3204 1484 3272 fuctum

371 3312 468 3380 fuerit
482 3312 565 3379 inter
581 3333 652 3401 nos,
670 3333 742 3380 cum
757 3310 878 3380 iudicio
893 3319 1073 3400 reparetur,
1090 3321 1123 3379 et
1149 3321 1391 3380 sacromentum
1415 3332 1486 3379 seur·
1553 3307 1555 3340 ³

371 3439 430 3505 per
446 3418 505 3486 tibi
522 3421 705 3488 tenebimus
716 3423 842 3487 firmum
858 3457 1144 3470 —————
1160 3420 1201 3485 Et
1216 3420 1396 3488 secundnm
1411 3418 1487 3502 quoi
1553 3473 1555 3522 ἶ

372 3535 422 3596 est
437 3531 638 3598 consuetudo
655 3531 709 3598 eri
727 3529 836 3618 vestri,
854 3535 886 3597 et
901 3531 1005 3615 petris
1030 3528 1138 3617 vestri,
1166 3531 1283 3598 civitas
1309 3549 1384 3597 cnm
1407 3535 1485 3595 terre
1553 3525 1555 3538 ¹

371 3642 407 3702 ut
424 3635 568 3705 habeant
582 3637 689 3722 legem
704 3639 790 3706 inter
804 3659 840 3706 se
858 3638 897 3704 de
913 3638 1035 3706 Sancto
1061 3638 1221 3706 Michacle
1239 3657 1342 3721 usque
1357 3635 1401 3703 ad
1416 3636 1488 3703 Sun-

370 3749 455 3810 ctum
482 3742 668 3829 Georgium.

478 3849 613 3934 Signum
631 3853 721 3920 Petri
739 3853 930 3938 Bsilislere,
947 3851 1085 3920 Johcnis
1101 3851 1262 3939 Bogdeni,
1289 3851 1396 3918 Veicii
1420 3849 1486 3915 Bis·

372 3955 491 4043 dimiri,
503 3958 687 4026 Mertinnsii
706 3960 866 4047 Gervasii,
883 3961 1013 4027 Andree
1029 3959 1223 4049 Bcllislave,
1247 3959 1363 4028 Jacobi
1386 3959 1486 4040 Nege-

370 4062 460 4151 mire,
496 4065 639 4134 Jobrsne
674 4067 813 4153 Proculi,
852 4068 953 4134 Cerne
978 4067 1109 4154 Vitane,
1136 4065 1329 4133 Michaheiis
1361 4065 1489 4140 Ponere,

369 4173 462 4238 Petri
479 4173 593 4262 Srettc,
612 4175 775 4242 Grubesse
792 4174 955 4261 Gundule,
973 4174 1120 4241 Ostende
1146 4174 1321 4259 (ierneche,
1348 4169 1487 4260 Nyoifori
1554 4193 1555 4196 ¹

371 4278 480 4349 Srette
490 4330 500 4366 ,
541 4281 661 4349 Morini
701 4282 861 4368 Galendc,
906 4280 1069 4349 (irnbesse
1100 4282 1300 4365 Ballislsvc,
1339 4273 1488 4365 Goysluui

370 4385 542 4458 Theodori.

479 4495 500 4574 †
536 4497 720 4583 Stephanus
758 4496 969 4564 Vledislavus
1006 4517 1077 4563 cunr
1115 4497 1226 4563 divino
1253 4493 1412 4561 adiutorio
1425 4494 1487 4558 Ber

368 4602 464 4668 totius
501 4611 584 4672 terre
609 4607 649 4671 de
673 4607 792 4692 Rasna,
834 4604 995 4688 Dioclitie,
1012 4604 1177 4685 Tribunis,
1201 4600 1398 4686 Zachulmie,
1424 4601 1491 4666 inro-
