3182 5200
585 336 747 452 Q

98 533 281 618 tholomeus
293 547 386 633 dixit,
398 527 484 631 qnod
493 545 668 616 iamdictus
680 549 804 633 legatus
815 569 878 616 non
889 547 1028 617 debebat
1038 550 1084 618 eis
1095 551 1173 620 darc
1185 548 1232 619 iu·

99 655 237 722 dutiam.
249 657 291 724 Et
302 656 438 726 illustris
451 655 558 724 Bonus
569 656 655 724 lilius
664 655 773 724 Dondi
787 655 875 744 dixit,
889 657 976 741 quod
988 658 1049 727 sibi
1058 658 1232 728 ridebatur

100 762 182 831 dure
197 765 246 832 eis
263 766 430 834 induciam
445 790 453 850 ς
471 773 504 832 et
520 765 611 833 dedit
627 765 841 834 cisindutlsm
853 767 896 833 ad
908 786 1017 835 corum
1034 767 1230 837 voluntates.

1 882 2 894 ¹
99 870 139 937 Et
170 879 250 942 tnnc
281 873 426 962 precepit
442 872 565 942 eisdem
581 870 780 960 Veglisanis,
799 883 832 942 nt
849 872 892 942 ad
909 875 1117 944 constitutam
1134 877 1229 966 diem,

4 1037 10 1044 .
96 981 434 1070 scilieetdeindutia,
468 1003 565 1068 qnsm
581 983 643 1069 ipsi
661 984 833 1071 petierant,
863 983 1004 1052 luissent
1034 992 1112 1052 unte
1142 1006 1226 1072 curn,

100 1089 290 1158 faciendum
322 1091 483 1159 racionem
500 1093 565 1160 iam
598 1091 685 1159 dicto
703 1091 821 1159 (lomili
847 1094 1088 1164 Bartholomco.
1105 1093 1169 1174 Qui
1184 1095 1229 1162 'ud

99 1197 280 1283 predictum
305 1198 391 1266 diem
409 1221 472 1266 non
496 1206 664 1266 venerunt.
680 1199 721 1264 Ει
745 1220 785 1267 ex
801 1221 863 1286 quo
887 1199 950 1289 ipsi
968 1221 1033 1267 non
1059 1211 1226 1288 venerunt,

96 1314 131 1372 ut
147 1307 270 1374 dictum
295 1315 355 1390 est,
373 1307 537 1393 predictus
563 1306 677 1377 (tomes
701 1307 953 1376 Bartholomeus
970 1307 1053 1377 dixit
1077 1310 1225 1396 predicto

1 1429 2 1506 ζ
95 1415 232 1504 Legato,
250 1421 286 1484 ut
302 1415 505 1482 adiudicaret
523 1435 578 1482 cos
595 1415 657 1482 sili
674 1416 850 1483 secundum
877 1437 999 1484 morem
1018 1415 1107 1485 illius
1134 1427 1228 1486 terre.

95 1525 138 1590 Et
176 1525 318 1594 illustris
359 1525 468 1591 Bonus
509 1523 596 1590 lilius
628 1523 737 1592 Dondi
769 1523 878 1613 dixit,
927 1526 1012 1608 quod
1044 1549 1109 1595 non
1141 1527 1231 1594 vioe·-

1 1692 2 1696 ,
95 1634 193 1698 batur
232 1632 283 1699 illi
323 1641 399 1698 tunc
437 1631 583 1700 indicere
621 1652 696 1716 eos;
740 1633 803 1700 imo
848 1635 982 1700 volebat
1019 1635 1136 1701 iterum
1171 1655 1227 1700 cos

95 1759 226 1808 uocare.
276 1739 394 1806 lterum
421 1739 557 1806 illustris
581 1741 709 1824 legatus
750 1762 808 1825 per
838 1762 931 1808 suum
970 1743 1119 1809 nuncium
1152 1740 1231 1810 lecit

94 1868 216 1916 vocare
233 1848 300 1914 iam
317 1847 422 1916 dictos
452 1849 660 1936 Veglisanos,
682 1856 717 1914 ιιι
734 1849 880 1916 venirent
897 1857 974 1916 autc
991 1871 1025 1918 se
1043 1849 1230 1918 laciendum

1 1980 2 1989 ¹
96 1957 261 2024 rationem
279 1957 500 2024 illustrissimo
518 1958 655 2043 (lomim,
675 1958 727 2047 qui
747 1955 789 2023 ud
807 1959 1014 2026 constitutam
1032 1957 1116 2026 diem
1141 1961 1231 2027 veni·

1 2069 5 2120 ἰ·
98 2087 132 2132 re
149 2071 429 2150 contempserunt.
449 2065 491 2131 st
508 2087 548 2131 cx
564 2088 627 2150 quo
645 2067 688 2132 ud
706 2071 919 2134 constitutam
952 2066 1037 2133 diem
1055 2088 1119 2134 non
1137 2087 1232 2134 rene·

92 2181 181 2258 runt,
208 2172 318 2241 suesti
336 2172 451 2259 semel,
490 2175 600 2242 vocati
624 2175 751 2261 iterum,
781 2175 888 2242 uocati
921 2175 1032 2262 tercio,
1064 2171 1228 2260 predictus

93 2281 350 2349 Bartholomcus
362 2279 477 2349 Comes
488 2281 668 2349 lamentare
679 2301 714 2350 se
725 2284 862 2367 cepitde
873 2282 1090 2351 illustrissimo
1107 2283 1225 2370 legato.

1 2399 2 2480 J
93 2388 226 2474 Etscpc
236 2385 345 2455 dictus
356 2389 482 2474 legatus
493 2385 577 2456 dixit
589 2389 806 2457 illustrissimo
817 2389 1228 2459 ComitiBurtholomeo:Si

1 2524 2 2538 =
92 2494 198 2564 habes
216 2493 345 2579 aliquid
360 2495 403 2562 ud
420 2495 600 2584 dicendum,
617 2496 677 2564 dic.
694 2499 735 2564 m
751 2497 821 2584 ipsc
837 2499 953 2565 comes
970 2497 1227 2583 Bartholomeus

1 2611 2 2676 5
92 2603 207 2672 omnis
224 2603 456 2692 perordinem,
474 2625 537 2689 que
553 2626 653 2692 supra
685 2607 824 2676 dixerat.
852 2605 893 2672 Et
911 2605 1150 2674 illustrissimus
1168 2607 1229 2674 Bo·

96 2733 162 2780 nus
178 2713 268 2781 lilius
285 2713 394 2781 Dondi
410 2713 488 2783 lecit
504 2716 616 2784 venire
647 2723 723 2784 unte
740 2737 775 2784 se
791 2714 957 2784 ordinatos
976 2717 1067 2784 illius
1084 2723 1177 2800 terre,
1197 2724 1230 2784 et

1 2850 2 2916 j
95 2821 297 2889 constrinxit
313 2842 369 2890 eos
385 2843 445 2908 per
460 2831 708 2913 sacramentum,
723 2833 758 2893 ut
776 2825 944 2894 veritatem
960 2843 1059 2909 supra
1075 2826 1134 2892 hus
1151 2843 1222 2909 pre·

1 2928 2 3016 l
93 2929 285 2998 nominatus
311 2933 500 3016 questiones
526 2939 703 3002 tractarent
720 2934 806 3001 bons
823 2929 886 3002 fide
901 2931 973 3000 sine
988 2931 1116 3018 fraude,
1143 2931 1230 3016 quod

1 3026 4 3078 l
94 3039 148 3107 eis
165 3045 291 3106 rectum
323 3039 490 3109 videretur
521 3039 677 3130 dicerent,
694 3047 728 3110 et
742 3041 912 3110 veritatem
930 3040 1006 3108 inde
1034 3038 1180 3106 dicerent
1196 3045 1229 3104 et

95 3146 361 3218 manifestarent.
394 3148 458 3228 Qui
482 3169 540 3238 per
565 3149 750 3219 districtum
777 3151 972 3220 sacramenti
997 3146 1230 3216 manifestave-

1 3257 2 3298 ἶ
93 3263 187 3344 runt,
203 3256 292 3342 quod
322 3279 426 3344 supro
455 3258 567 3345 scripti
591 3257 761 3343 Voglisuni
793 3280 857 3327 nou
881 3259 1109 3346 persolverunt
1134 3255 1227 3323 illum

94 3365 273 3432 collectum
290 3364 330 3433 de
346 3367 404 3434 illo
419 3388 516 3454 unno,
532 3388 629 3452 quum
646 3368 714 3436 illis
747 3365 862 3436 Comes
878 3367 1128 3436 Bartholomeus
1146 3368 1226 3452 peti·

1 3453 2 3472 ²
91 3480 191 3564 crst3
217 3475 307 3544 etde
323 3475 440 3545 bannis
456 3483 488 3544 et
503 3476 580 3546 aliis
608 3476 685 3545 foris
713 3477 819 3564 lactis,
835 3477 876 3544 de
893 3477 1010 3562 quibus
1026 3475 1093 3543 illis
1109 3473 1229 3544 Comes

1 3648 3 3673 ,
64 3637 67 3642 .
94 3581 353 3652 Bartholomeus
376 3585 632 3674 calumpniabat,
645 3585 784 3672 predicti
801 3584 969 3670 Vegllsuni
986 3583 1092 3652 cidem
1109 3581 1226 3650 Oomiti

1 3681 3 3762 Ῐ
90 3691 260 3758 rationem
272 3711 337 3759 nou
349 3690 504 3761 fecerant.
517 3691 576 3760 His
588 3692 706 3761 stallis
716 3691 796 3762 risis
807 3691 979 3779 clauditis,
989 3692 1231 3759 illustrissimus

1 3838 2 3879 2
90 3799 218 3866 Comes
229 3797 476 3870 Bartholomeus
488 3799 571 3867 dixit
581 3799 800 3869 illustrissimo
812 3797 1021 3884 legatozNon
1031 3797 1230 3883 cognoscitis

88 3904 270 3978 veritatem
281 3928 323 3974 ex
333 3914 399 3976 toto
406 3935 414 3994 3
423 3909 521 3978 dicite
532 3909 686 3996 quicquid
696 3910 805 3978 vultis.
818 3908 859 3976 Et
868 3906 1109 3976 illustrissimus
1119 3906 1230 3972 Bonus

1 4078 2 4085 ,
88 4019 185 4087 filius
197 4015 799 4104 Dondi,habitoconsilloprudcntum,
813 4037 872 4103 per
883 4019 1034 4084 virtutem
1045 4020 1077 4082 ct
1088 4019 1231 4100 potestu-

1 4146 2 4149 ’
88 4136 171 4222 tem,
188 4124 707 4211 qnsmhubebstaillustrissimo
718 4125 846 4193 domino
858 4133 968 4194 nostro
979 4123 1069 4192 Duce
1080 4118 1231 4188 ctGonsi·

87 4233 205 4303 lisriis
222 4234 301 4320 cius,
317 4237 401 4304 sicut
416 4235 614 4322 ostenderat,
624 4243 659 4304 ut
669 4257 768 4323 supra
779 4237 969 4321 continetur,
982 4231 1232 4317 condempnavit

1 4327 3 4336 ’
88 4365 152 4414 scu
187 4342 390 4414 adiudicarit
415 4339 584 4430 chlisaui
601 4344 769 4432 sepedicto
786 4343 901 4410 Comitl
916 4341 1145 4412 Bartholomco
1163 4349 1228 4410 lum

87 4455 134 4523 de
151 4451 216 4519 illa
227 4451 377 4542 collecta,
398 4474 495 4538 quam
522 4451 563 4519 de
578 4452 695 4520 bannis
712 4459 744 4520 et
760 4451 834 4520 aliis
850 4449 1036 4520 forisfactis
1051 4447 1229 4518 secundum

1 4552 4 4638 l
89 4559 373 4632 consuetudinem
390 4561 480 4629 illins
496 4570 588 4630 torre.
621 4559 857 4647 sollempnes
876 4577 935 4628 seu
961 4556 1143 4626 adiudicati
1162 4559 1230 4625 luc-

1 4654 5 4748 l

1 4753 5 4800 l

86 4676 170 4744 runt
189 4669 424 4758 Domuicellus,
441 4669 612 4738 Druscllus
629 4667 716 4738 lilius
734 4665 846 4738 Mcuco
870 4669 910 4737 de
926 4665 1033 4759 Drusi,
1066 4663 1231 4736 lohannes

210 4805 313 4850 nom.
329 4803 412 4850 susc.
429 4807 499 4849 srsr.
520 4815 558 4829 -
578 4807 649 4850 nurse
664 4806 708 4850 xx.
1103 4781 1124 4860 5
