3116 5186
4 12 414 142 μι-

630 383 788 483 Q

145 582 219 644 eunt
235 584 366 644 notate:
384 575 477 655 Quod
493 580 600 664 prima
617 587 701 646 meta
719 587 802 646 terre
821 578 979 664 Toplichn
995 578 1111 666 incipit
1134 582 1166 646 in
1194 601 1270 664 quo·
1308 589 1310 594 “

144 683 219 754 dam
236 684 423 773 monticulo,
441 689 566 754 ubiest
592 694 679 752 meta
705 693 832 768 terree;
856 697 889 753 et
919 687 994 753 inde
1027 687 1197 755 descendit
1228 689 1271 754 ad

143 795 281 860 rinnlum
299 803 470 864 exeuntem
486 793 528 861 de
544 795 616 879 ipso
635 801 742 860 monte
759 795 888 860 nomine
904 792 1097 862 Orachemer
1130 795 1174 862 ad
1198 817 1269 881 par-

144 909 207 966 tam
224 899 493 986 meridionalem
518 909 551 969 et
566 902 642 969 inde
658 901 748 969 cedit
762 903 806 967 ad
821 901 955 968 fluuium
980 902 1109 968 nomine
1137 902 1268 969 Mecha-

141 1006 250 1094 nieha,
268 1009 323 1091 qui
339 1009 445 1076 eundo
462 1007 596 1077 inferius
613 1009 701 1077 cedit
718 1008 761 1074 ad
787 1030 906 1094 aquam
938 1011 1067 1076 nominc
1096 1009 1269 1095 Toplicba,

141 1121 172 1184 et
185 1135 248 1203 per
263 1116 354 1184 illam
371 1137 491 1201 aquam
507 1116 614 1184 eundo
630 1117 779 1201 peruenit
795 1115 839 1182 ad
863 1117 1027 1201 quandam
1053 1117 1213 1205 semitam,
1239 1125 1271 1183 et

140 1245 196 1310 per
213 1224 304 1292 illam
322 1225 472 1292 semitam
489 1226 594 1293 eundo
612 1226 848 1310 aliquantulum
865 1225 1038 1292 reflectitur
1055 1231 1087 1292 et
1104 1224 1196 1292 uadit
1222 1227 1264 1290 ad

139 1351 260 1417 equam
277 1331 409 1401 nomine
425 1333 657 1420 Soploncham,
675 1341 707 1399 et
722 1334 768 1398 ibi
785 1342 861 1400 sunt
876 1333 939 1399 dne
955 1333 1087 1400 arbores
1099 1334 1267 1416 assignate

139 1441 318 1525 premetis,
336 1460 473 1526 quarum
488 1461 555 1507 una
571 1441 738 1524 Hungarie
755 1441 871 1508 dicitur
887 1443 995 1530 baasa,
1031 1449 1064 1508 et
1078 1443 1183 1508 alters
1198 1467 1272 1532 pet·-

140 1549 275 1636 aanfa‚·
298 1558 330 1615 et
346 1571 404 1634 per
420 1550 540 1616 dictam
557 1569 676 1632 aquam
703 1549 890 1635 Soploncha
916 1549 1007 1616 vadit
1039 1548 1188 1636 superius
1221 1551 1268 1615 ed

139 1665 272 1740 pontem
289 1655 429 1724 llichacl
445 1656 547 1744 Bani3
566 1664 598 1724 et
614 1655 656 1722 de
671 1664 769 1740 ponte
786 1655 892 1723 eundo
909 1676 967 1742 per
983 1665 1115 1742 pontem
1126 1666 1267 1727 retorem
1529 1740 1532 1747 ¹

139 1766 206 1831 exit
220 1764 267 1830 ad
284 1765 478 1850 planiciem
504 1773 536 1830 et
552 1765 593 1831 de
608 1765 750 1852 planicie
767 1765 874 1832 eundo
901 1764 994 1831 iuxta
1023 1784 1148 1851 nemus,
1183 1764 1271 1846 quod
1363 1805 1364 1808 =
1485 1817 1488 1826 ,
1525 1752 1529 1759 ’

137 1873 224 1956 wlgo
241 1872 361 1939 Cerich
378 1872 498 1939 dicitur
514 1873 664 1958 peruenit
680 1871 723 1938 ad
737 1871 870 1938 fluuium
888 1872 942 1956 qui
959 1872 1120 1938 Cernscch
1148 1880 1268 1958 pataea

138 1985 275 2047 uocatur
292 2002 404 2049 uersus
430 1982 633 2065 aquilonem
657 1987 690 2048 ct
720 1982 826 2047 eundo
856 1981 950 2047 iuxta
982 1979 1102 2046 dictum
1134 1981 1267 2048 fluuium

12 2129 17 2140 ·
137 2087 289 2172 superins
306 2090 457 2172 peruenit
473 2088 517 2155 ad
534 2107 687 2172 magnam
705 2089 803 2174 uiam,
828 2097 861 2155 et
877 2093 1004 2172 transyt
1019 2108 1139 2172 aquam
1154 2089 1266 2176 'l'opli-

4 2189 6 2202 '
137 2196 213 2277 cha;
239 2205 274 2264 et
291 2197 489 2264 transeundo
505 2216 628 2281 aquam
645 2195 735 2262 uadit
766 2198 858 2263 iuxta
888 2193 1024 2263 eandem
1056 2195 1201 2279 iuferius,
1235 2205 1267 2262 et

137 2304 289 2388 peruenit
304 2303 347 2370 ad
364 2303 538 2388 quemdam
555 2303 697 2386 fluuium,
722 2311 754 2369 et
780 2322 839 2388 per·
870 2303 1010 2370 eundum
1043 2303 1190 2389 peruenit
1222 2306 1265 2371 ad

138 2420 235 2496 ceput
253 2411 477 2496 ipsiusfluuii,
510 2419 541 2478 et
558 2431 656 2496 supra
682 2420 779 2496 caput
809 2409 901 2478 fluuii
932 2418 983 2478 est
1012 2412 1086 2494 uic;
1127 2421 1160 2477 ct
1191 2411 1269 2477 inde

137 2522 338 2587 transeundo
356 2521 441 2585 niam
459 2518 551 2585 vadit
566 2539 624 2604 per
640 2538 764 2602 nemus,
797 2524 829 2584 et
844 2519 912 2585 exit
927 2519 970 2584 ad
996 2518 1179 2606 planiciem,
1212 2520 1265 2586 ubi

136 2635 185 2694 est
200 2634 292 2696 meta
308 2629 349 2694 rie
366 2629 482 2697 arbore
498 2649 560 2713 que
576 2628 665 2712 totfa
681 2626 819 2710 dicitur5
837 2635 869 2694 et
884 2625 958 2693 inde
974 2626 1080 2696 eundo
1092 2627 1265 2714 peripsam

134 2735 313 2820 planiciem
332 2737 479 2820 peruenit
495 2739 612 2803 iterum
628 2735 670 2801 ad
686 2734 818 2801 fluuium
837 2734 1046 2801 blechenicha
1058 2732 1099 2800 de
1109 2735 1261 2801 orientali

134 2851 250 2928 parte;
277 2851 309 2910 et
325 2846 418 2912 iuxta
434 2864 553 2930 aquam
569 2843 781 2911 Mecheuicba
797 2842 903 2909 eundo
921 2841 1070 2926 peruenit
1085 2840 1129 2907 ad
1145 2842 1262 2928 locum,

136 2956 190 3020 rbi
207 2972 294 3019 unus
310 2952 428 3019 fluuius
445 2953 532 3019 cadit
549 2953 719 3036 inaquam
737 2950 967 3036 supradictam,
999 2957 1041 3014 et.
1060 2967 1119 3032 per
1144 2947 1264 3016 (lictum

136 3060 272 3126 fluuium
288 3059 395 3127 eundo
412 3059 456 3126 ad
473 3066 571 3145 eaput
587 3057 692 3146 ipsine
707 3058 795 3142 flnuij
816 3057 964 3143 peruenit
979 3056 1022 3122 ad
1039 3067 1179 3122 montem
1197 3078 1265 3144 pre·

136 3173 351 3252 nominatum,
369 3169 424 3234 ubi
440 3171 544 3253 prima
560 3173 647 3234 meta
663 3167 750 3232 dicte
781 3171 865 3234 terre
896 3164 958 3232 init
986 3166 1127 3250 incepta,
1159 3164 1265 3248 ibique

138 3277 338 3342 terminatur.
379 3275 446 3342 Nos
463 3275 563 3359 igitur
578 3274 683 3359 ipsam
700 3274 990 3339 commutacionem
1007 3272 1050 3336 ad
1068 3269 1262 3355 peticionem

138 3383 296 3470 sepedicti
313 3382 424 3449 fratris
442 3381 557 3469 nostri,
589 3388 625 3448 ut
651 3387 840 3467 perpetuam
869 3381 1016 3447 obtineat
1041 3377 1264 3464 stabilitatem,

139 3504 169 3559 et
185 3491 287 3558 nullia
303 3511 444 3572 unquam
462 3491 663 3576 temporibus
679 3491 788 3558 valeat
804 3489 986 3573 retractari,
1013 3488 1165 3556 duximus
1190 3507 1264 3554 con-

18 3577 20 3590 *
138 3597 341 3687 firmandam,
358 3607 391 3667 et
408 3599 571 3686 dupplicis
588 3599 688 3683 sigilli
706 3599 808 3666 nostri
835 3599 1012 3665 munimine
1037 3597 1263 3665 roborandam.

137 3707 256 3777 Datum
273 3728 359 3776 anno
376 3709 420 3775 ab
437 3708 668 3776 incarnatione
684 3705 815 3773 Domini
832 3703 1068 3772 M⁰OO⁰XXX⁰
1084 3725 1169 3773 nono
1186 3706 1263 3770 vlt-J

137 3817 214 3884 Idus
230 3818 427 3885 Nouembris
443 3818 549 3900 Regni
566 3817 669 3882 nostri
685 3835 771 3882 anno
791 3815 917 3899 quinto.
1267 3815 1270 3820 “

139 4015 229 4084 (Negy
247 4019 333 4085 Iasjoe
352 4020 502 4083 kirilpmalr
524 4021 634 4071 lew-ki
666 4015 882 4084 helybenhagyb
915 4015 1210 4079 adomsnylerettbol;
1247 4033 1262 4063 a

137 4105 221 4159 bndci
239 4109 292 4161 kir.
313 4110 441 4162 leomansi
460 4110 646 4161 leveltsrbcn.
665 4110 698 4160 V.
713 4111 738 4158 ὃ.
758 4105 991 4171 Okmsnytarunlr
1010 4106 1072 4157 ΠΙ.
1093 4105 1151 4154 kot.
1168 4110 1209 4156 74,
1230 4107 1262 4169 l.)
