3182 5200
846 336 1006 434 ge-

365 520 555 612 inpropriis
573 530 664 610 equis
679 534 711 596 et
726 529 908 616 sumptibus
923 529 986 616 ipsi
1004 539 1036 600 et
1051 532 1186 602 heredes
1197 554 1306 602 eorum
1316 517 1364 604 ire
1380 545 1497 625 tenen-

359 639 430 718 tur;
449 643 482 699 et
498 635 525 702 si
551 633 599 702 ire
613 639 784 726 noluerint,
800 639 937 706 Abbatis
961 639 1082 708 indicio
1106 642 1327 709 subiaoebunt.
1353 644 1497 730 Insuper·
1574 663 1575 674 ι

360 745 429 806 tam
446 750 631 814 castrenses
647 767 744 831 quam
759 748 817 814 alii
833 769 944 817 omnes
959 749 1106 818 homines
1121 759 1206 820 terro
1225 753 1311 820 illius
1321 753 1496 818 euiusoun»

279 941 282 946 Ι
366 865 431 928 qne
448 852 647 924 condicionis
662 855 816 944 fuerint,
807 878 841 922 ιιι
857 857 971 924 eadem
986 864 1073 925 terra
1087 868 1266 946 manentes,
1281 879 1407 946 poroos,
1434 860 1488 946 qui
1574 843 1576 951 ζ

358 949 428 1020 ad
419 979 469 1026 rus
484 962 584 1044 Regis
600 969 748 1046 speetare
764 964 921 1050 solebant,
942 966 1137 1033 Monasterio
1155 968 1321 1053 Topliee
1313 990 1348 1033 ιιι
1374 990 1485 1054 perpe

368 1043 457 1136 tuum
475 1071 598 1154 absque
623 1069 883 1140 contradieoione
907 1075 1052 1156 aliqua
1043 1075 1106 1162 rpsi
1131 1084 1163 1142 et
1187 1076 1322 1143 heredes
1346 1076 1489 1142 solvant.
1574 1081 1576 1174 j

358 1183 397 1250 In
408 1179 476 1246 foro
486 1180 742 1268 Templariorum
759 1182 800 1248 de
816 1181 920 1249 Gerra
935 1181 1055 1248 babent
1070 1184 1186 1251 fratres
1201 1183 1303 1251 nostri
1319 1185 1359 1248 de
1374 1184 1484 1268 Topli·
1573 1179 1576 1256 ὲ

368 1311 408 1357 ea
424 1290 630 1358 medietatem
647 1289 767 1372 tributi,
785 1297 895 1374 preter
911 1290 1016 1374 pisces
1034 1299 1066 1357 et
1080 1309 1215 1376 peocora
1231 1299 1263 1357 et
1277 1291 1414 1376 primum
1431 1291 1487 1356 de·
1573 1263 1576 1378 ἶ

365 1399 503 1466 narium.
520 1398 624 1484 Super
641 1399 701 1465 bau
718 1397 897 1465 donaoione
913 1405 1024 1465 nostra
1040 1399 1172 1465 tandem
1189 1399 1487 1484 pristaldusnoster

366 1507 428 1575 fuit
445 1506 562 1592 Herob,
581 1510 678 1573 irater
694 1506 834 1572 Rolandi
853 1515 885 1572 et
900 1506 984 1573 filius
1001 1505 1178 1593 Bertboldi,
1195 1507 1250 1591 qui
1266 1503 1401 1572 eandem
1421 1513 1486 1572 ter·
1574 1519 1575 1568 ἱ

368 1638 436 1683 ram
453 1615 702 1701 perambulavit,
716 1623 746 1680 et
757 1616 942 1699 supradiote
958 1615 1104 1681 Ecclesie
1121 1615 1274 1696 tratribus
1289 1616 1489 1698 assignavit·

359 1727 398 1793 Iu
414 1726 476 1792 bae
492 1725 624 1792 tandem
652 1723 844 1790 donacionis
869 1730 977 1788 nostre
1009 1725 1130 1807 pagina
1161 1721 1313 1788 duximus
1344 1723 1484 1788 inseren·

253 1816 255 1820 ἵ
359 1835 434 1905 dnm
453 1860 460 1901 :
478 1832 563 1918 quod
580 1835 607 1900 si
624 1834 695 1916 quis
711 1833 822 1897 Banus
839 1833 890 1897 vel
905 1831 1011 1896 Judex
1028 1832 1079 1896 vel
1096 1831 1233 1912 quilibet
1249 1831 1343 1914 alius,
1360 1852 1401 1897 ex
1417 1851 1482 1915 quo
1553 1842 1576 1914 ,ἣ

360 1944 497 2026 primam
515 1941 741 2007 fundationem
759 1939 892 2005 fecimus
908 1939 1104 2003 Monasterio
1120 1937 1316 2024 Toplioensi,
1328 1939 1483 2004 videlieet
1574 1917 1576 1934 Ι

359 2053 462 2136 Regni
479 2050 580 2116 nostri
596 2067 684 2113 anno
702 2047 814 2130 primo,
832 2045 954 2128 aliquid
985 2045 1181 2111 subtraxerit
1213 2047 1408 2113 Monasterio
1438 2046 1481 2114 de
1574 2063 1576 2108 :

353 2159 531 2226 elemosina
548 2177 631 2240 mea,
649 2175 745 2238 quam
764 2153 963 2236 supradietis
980 2152 1131 2218 iratribus
1158 2153 1278 2219 eontuli
1303 2161 1335 2220 et
1366 2155 1414 2221 eis
1445 2156 1479 2218 in
1574 2132 1576 2159 Ι

348 2268 490 2352 presenti
508 2263 676 2350 privilegio
693 2261 888 2341 confirmavi,
905 2261 1000 2326 liceat
1015 2261 1084 2324 eius
1102 2260 1164 2325 loei
1181 2261 1299 2326 Abbati
1328 2271 1477 2346 repetere
1574 2295 1575 2300 ¹

353 2398 419 2442 non
436 2371 637 2439 obstantibus
654 2369 854 2452 quibuslibet
869 2369 1090 2434 instrumentis
1107 2388 1128 2431 a
1143 2367 1237 2434 nobis
1255 2367 1305 2432 vel
1331 2389 1351 2432 a
1375 2370 1479 2450 quoli-

357 2487 411 2550 bet
428 2503 485 2568 per
501 2480 618 2546 salsam
636 2476 876 2559 suggestionem
893 2475 1083 2560 impetratis.
1126 2478 1224 2558 igitur
1248 2476 1356 2542 stabili
1382 2477 1481 2541 firmi-

354 2599 422 2658 tate
438 2589 625 2672 sanetimus,
641 2593 676 2650 ut
695 2584 805 2648 nullus
822 2603 963 2665 unquam
991 2583 1074 2648 bane
1099 2591 1205 2649 nostre
1231 2585 1478 2652 constitutionis

352 2700 507 2785 paginam
525 2694 645 2762 audeat
660 2692 846 2776 infringere,
864 2690 913 2755 vel
932 2689 961 2753 ei
976 2709 1055 2754 ausu
1089 2693 1261 2756 temerario
1292 2695 1473 2777 eontraire;

343 2800 842 2892 quodquipresumpserit,iram
854 2797 1472 2881 Regiam,velrerurnsuarumomnimn

351 2913 570 2996 ammissione,
588 2916 753 2992 tamquam
781 2926 853 2971 reus
871 2907 936 2970 lese
952 2905 1146 2990 Maiestatis,
1164 2907 1288 2990 absque
1318 2914 1475 2992 retraeta-

347 3024 436 3092 tione
454 3022 564 3102 aliqua
579 3039 615 3085 ss
631 3014 755 3082 noverit
771 3016 985 3081 incursurum.
1010 3013 1051 3076 Et
1066 3019 1101 3076 ut
1128 3010 1186 3076 beu
1210 3033 1231 3079 a
1261 3014 1353 3081 nobis
1384 3015 1474 3084 faeta

341 3131 482 3198 donaoio
499 3129 598 3194 nullis
616 3105 757 3207 unquam
774 3120 971 3205 temporibus
988 3119 1097 3186 valeat
1114 3119 1247 3207 aboleri,
1280 3122 1323 3188 ad
1355 3145 1479 3208 preces.

342 3213 541 3305 uenerabilis
558 3231 745 3301 Theobaldi
772 3235 848 3294 tune
873 3229 1026 3312 temporis
1059 3228 1204 3294 eiusdem
1236 3230 1300 3296 looi
1331 3232 1480 3300 Abbatis

292 3417 296 3422 ,
341 3353 529 3431 presentem
547 3344 703 3427 paginam
720 3337 819 3421 sigilli
837 3339 938 3400 nostri
955 3335 1140 3403 testimonio
1155 3337 1290 3404 feeimns
1306 3338 1470 3424 insigniri.

338 3452 460 3520 Datum
473 3471 531 3535 per
547 3468 662 3515 manus
678 3446 803 3512 Tbome
819 3443 972 3511 Albensis
990 3444 1149 3528 Prepesiti
1165 3445 1375 3530 etHungarie
1386 3448 1470 3516 Gan-

339 3559 479 3643 oellarii,
497 3579 581 3625 anno
599 3555 640 3621 ab
656 3552 888 3620 Inearnaeione
904 3553 1034 3618 Domini
1063 3552 1239 3620 MOOXIH.
1279 3555 1478 3624 Venerabili.

337 3669 489 3734 Jobanne
504 3663 717 3748 Strigoniensi
734 3661 996 3746 Arobiepiseopo,
1014 3661 1203 3728 Reverendo
1216 3663 1390 3730 Bertboldo
1410 3666 1469 3732 Co

342 3773 468 3839 loeensi
507 3771 770 3856 Arohiepisoopo,
812 3779 842 3834 et
880 3767 1050 3836 Weiwoda
1081 3770 1304 3857 existentibus,
1336 3771 1473 3840 Kalano·

336 3878 686 3963 Quinqueeoelesiensi,
706 3877 901 3962 Gathapano
919 3875 1078 3959 Agriensi,
1095 3878 1468 3967 SymoneWaradiensi,

337 3987 509 4054 Desiderio
530 3985 737 4072 cenadiensi,
771 3983 953 4050 Wilhellmo
972 3983 1260 4072 Transilvaniensi,
1287 3987 1467 4054 (balthardo

335 4095 562 4178 Zagrubieusi,
578 4094 672 4161 Petro
690 4093 872 4178 Geuriensi,
904 4093 1043 4158 Roberto
1061 4092 1308 4178 vesprimiensi,
1338 4095 1466 4162 Jacobs
1507 4109 1512 4112 “

334 4201 500 4268 Waoiensi
516 4202 684 4268 Ecclesias
702 4201 841 4268 lelioiter
856 4201 1122 4286 gubernantibus.
1157 4203 1248 4268 Bono
1264 4203 1414 4268 Palatino
1433 4211 1467 4270 et

335 4311 527 4392 Posonionsi
543 4311 676 4394 Comite,
694 4317 726 4376 et
744 4308 882 4375 Martino
900 4309 988 4374 Bano
1005 4309 1229 4394 existentibus,
1246 4309 1322 4376 Jnla
1348 4311 1465 4376 Baebi·

335 4417 406 4483 ensi
423 4424 455 4482 et
471 4416 593 4483 Ceriali
604 4419 740 4504 Comile,
751 4417 1223 4502 AndreaBndriensi,Hrgone
1233 4417 1472 4506 Keuueniensi,

329 4523 438 4590 Mioba
455 4523 666 4610 Biehoriensi,
684 4524 844 4592 Niebolao
857 4524 1103 4611 Suppruniensi,
1115 4523 1301 4592 Alexandro
1311 4525 1470 4594 Sumpsi·-
