3116 5178
875 315 1034 418 ΑΒ,
1147 383 1150 388 ,

391 519 488 602 teras,
505 510 668 600 dupplicis
682 514 783 599 sigilli
800 515 901 582 nostri
917 516 1094 580 munimine
1109 513 1144 580 in
1159 512 1212 580 ios
1226 511 1497 597 perpetuumrobo
1546 529 1549 680 ¹

391 631 491 690 rums.
532 621 651 690 Datum
682 621 716 688 in
732 623 848 690 Zolnm
864 641 952 688 enno
967 620 1138 689 Domiuiee
1155 619 1397 688 [incarnacionis
1412 620 1497 686 mitte
1547 683 1549 730 1

391 731 473 798 simo
489 729 707 798 ducentesimo
725 729 976 815 quadragesimo
992 729 1142 817 septimo,
1167 730 1267 796 tercio
1283 725 1358 796 idne
1372 729 1496 813 Septem·

393 840 468 919 bris,
491 838 597 923 Regni
613 843 723 906 summ
740 837 845 905 nostri
860 855 948 903 enno
963 836 1162 904 duodecimo.

1547 737 1549 752 t

388 1036 691 1102 (sulmoniensem.
711 1039 776 1090 hist.
794 1037 886 1101 Epicu.
906 1035 1026 1102 Zagreb.
1044 1036 1067 1086 Ι.
1096 1036 1154 1086 keit.
1186 1040 1230 1088 88.
1261 1035 1281 1086 1.
1310 1037 1346 1090 V.
1372 1039 1402 1120 it.
1429 1033 1496 1100 I‘ejtr

693 1125 759 1178 (iod,
779 1127 854 1192 Dipl.
873 1126 922 1180 Ν.
943 1127 1001 1178 tritt.
1019 1131 1041 1176 t.
1060 1139 1083 1176 r.
1104 1129 1165 1176 itt.
1178 1126 1209 1190 l.)
1544 1131 1550 1484 1

819 1411 1086 1433 *Qu—0⁸*—

1548 1493 1550 1608 i

389 2053 411 2116 Ι
415 2049 447 2117 V.
465 2050 547 2117 Btte
561 2048 740 2136 inspectrice·
759 2052 855 2116 1225.
870 2049 1004 2137 triados,
1019 2049 1067 2116 Ire't
1084 2052 1235 2138 topliezui
1249 2052 1435 2120 birtokre'ezt
1444 2051 1497 2112 trir-

389 2165 491 2248 9yuzui
505 2160 742 2250 aiapttvciuyro
758 2158 931 2226 occationi
942 2161 1202 2247 privileps'amdt,
1218 2186 1239 2227 a
1259 2158 1498 2247 eope-ubitam·

781 2268 838 2332 tau
853 2270 1012 2334 ezrimdra.
1030 2267 1130 2334 1247.

496 2463 577 2531 Beia
592 2463 654 2531 Dei
671 2463 780 2552 gratie
796 2462 975 2548 Hungarie,
1007 2463 1179 2552 Dalmatio,
1210 2463 1374 2548 chroatie,
1403 2463 1497 2543 Rome

389 2573 510 2660 Seruio,
527 2571 668 2656 Galtitie,
685 2573 888 2659 Lodomerie,
905 2571 1126 2657 Gumeuieque
1142 2574 1212 2641 Rex
1222 2571 1385 2641 universis
1393 2566 1496 2638 Christi

391 2679 540 2748 fidelibus
556 2681 754 2766 presentium
770 2678 926 2750 noticiam
946 2681 1117 2769 habituris,
1147 2681 1286 2749 salutem
1314 2683 1349 2748 in
1379 2698 1425 2762 eo,
1452 2672 1496 2760 qui
1549 2725 1551 2776 p

388 2793 437 2857 est
451 2809 528 2857 vera
543 2789 644 2856 satus.
669 2787 868 2857 temnentes
883 2788 927 2856 ud
944 2791 1141 2875 presentiam
1156 2795 1302 2857 nostram
1322 2787 1431 2855 fideles
1451 2802 1495 2848 uo
1549 2783 1551 2880 j

388 2898 454 2980 etri,
471 2899 552 2983 Fyle
567 2897 754 2984 Propositus
770 2896 1025 2982 Zagrabiensis3
1054 2897 1214 2982 Magister
1229 2897 1293 2964 Job
1328 2891 1495 2982 Propositus
1549 2883 1551 2952 ἕ

387 3004 588 3092 Bachiensis,
605 3005 723 3073 comes
739 3005 873 3091 Gapeile
890 3013 1003 3075 nostre
1019 3013 1050 3073 et
1067 3005 1251 3074 Oenonicos
1268 2999 1495 3091 Zagrabiernis;
1550 2993 1551 3004 ’

388 3114 489 3198 Zoym
504 3113 693 3198 Propositus
708 3111 929 3199 Ghuzmeusis,
961 3115 1078 3181 Petrus
1103 3114 1224 3183 (tentor
1254 3112 1496 3181 Archidemum

388 3220 626 3307 Zegrabiensis
648 3219 788 3288 Michael
803 3221 930 3309 Lector,
947 3229 981 3288 et
1005 3219 1181 3289 Ladislaus
1211 3224 1366 3290 Decanus
1396 3220 1497 3302 Zegre-
1550 3219 1551 3222 ’

389 3327 523 3413 biensis,
555 3329 670 3397 Petrus
686 3325 924 3397 Gomarieensis
941 3336 972 3396 et
988 3328 1106 3397 Petrus
1122 3327 1163 3396 de
1179 3328 1324 3396 Kenuluk
1350 3323 1497 3396 Archidis

388 3435 473 3522 coni,
484 3440 517 3501 et
532 3433 590 3503 aiii
606 3435 649 3503 de
663 3435 815 3523 Gapitnlo
831 3436 1054 3526 Zugrabiensi‚
1071 3435 1201 3506 nomine
1215 3457 1256 3505 ac
1271 3437 1345 3505 vioe
1360 3431 1496 3523 Capituli,

390 3541 604 3629 privilegium,
614 3545 869 3631 temporenostri
879 3545 1022 3613 Duoatus
1032 3565 1220 3615 concessum
1231 3553 1263 3613 et
1279 3553 1390 3614 nostro
1404 3537 1496 3609 docui

395 3649 505 3732 sigilio
515 3650 720 3739 impressum,
735 3651 832 3721 nobis
845 3652 1070 3741 exhibuerunt,
1086 3653 1173 3738 quod
1199 3653 1337 3721 vidimus
1361 3658 1395 3720 et
1416 3665 1497 3716 mann

387 3762 498 3823 nostra
512 3759 681 3846 tenuimus,
697 3778 737 3828 ac
752 3760 936 3828 invenimus
952 3780 1012 3828 nec
1028 3760 1061 3827 iu
1079 3781 1164 3849 cera,
1190 3782 1252 3829 uec
1267 3763 1300 3829 in
1316 3768 1416 3846 carta,
1445 3771 1496 3822 nee

387 3864 422 3930 in
438 3863 614 3948 aliqua'sni
630 3872 723 3952 parte
738 3867 947 3951 aliquatenus
963 3869 1126 3954 viciatum,
1153 3868 1237 3957 quod
1253 3871 1352 3940 verbo
1367 3869 1410 3940 ad
1436 3882 1494 3936 ser·

388 3973 465 4039 bum
481 3973 688 4058 presentibus
704 3974 805 4042 inseri
821 3974 956 4044 fecimus
971 3976 1006 4044 in
1022 3976 1222 4046 hausurus:

493 4077 533 4147 In
549 4081 678 4149 nomine
693 4084 754 4150 stb.
770 4082 853 4152 Bela
870 4083 932 4149 Dei
962 4083 1076 4168 grecie
1105 4085 1176 4152 Rex
1207 4088 1270 4154 stb.
1301 4079 1497 4174 (ktiuetkeuik

387 4188 469 4256 Beta
483 4187 593 4255 akkor
608 4188 714 4274 iijabb'
731 4188 908 4276 kirttynak
927 4190 1064 4260 ltus-ki
1081 4192 1317 4280 privileginma,
1344 4193 1424 4261 mint
1438 4190 1495 4258 ien-

387 4297 464 4364 tebb
484 4301 555 4366 120.
572 4315 617 4364 ss.
638 4298 686 4384 a.)

493 4405 646 4474 Peteutes
661 4405 828 4475 humiliter
844 4416 878 4477 et
893 4416 1024 4491 attente,
1041 4417 1202 4495 quamnos
1211 4411 1417 4498 dignaremur
1427 4405 1495 4476 illud

386 4511 489 4597 Regio
505 4512 705 4582 auctoritatis
720 4515 871 4601 insigniis
888 4518 1089 4586 confirmare.
1128 4521 1195 4588 Nos
1213 4520 1314 4607 igitur
1328 4519 1421 4588 iustis
1449 4533 1492 4600 pe

383 4619 518 4690 tentium
535 4619 703 4690 desideriis
719 4643 890 4694 assensum
904 4625 1033 4695 facilem
1049 4625 1283 4716 adhibentee,d
1414 4621 1494 4713 priri·
