3206 5184
877 1071 955 1143 433.

350 1277 629 1362 Fctcpraaaaaai
662 1273 747 1339 trsclc
775 1276 807 1340 ds
831 1272 974 1362 apostoli
999 1273 1091 1336 tritaet
1121 1267 1271 1336 Goaaoao
1303 1266 1487 1334 Eudrarreb·

348 1385 477 1470 paduar'
500 1383 723 1466 ltcumaoknolr,
755 1383 791 1447 kt
815 1381 955 1466 capuani
986 1379 1133 1445 arataeis
1163 1379 1377 1461 odlasztctctt,
1407 1400 1485 1442 eren

458 1493 635 1580 tractatque
651 1493 742 1556 ac'aoe
757 1491 888 1576 cqylua'zi
904 1487 1192 1574 maphatalmazdat
1207 1487 1261 1552 ud.
1280 1483 1376 1552 1269.

458 1687 629 1774 Philippus
644 1686 707 1754 Dei
723 1692 755 1753 ct
769 1683 957 1771 Apostolice
974 1682 1068 1750 Sedis
1086 1683 1192 1768 gratia
1215 1680 1483 1748 Ravennatensis

350 1796 635 1883 Archiepiscopus,
666 1793 851 1879 apostolice
868 1791 961 1858 Sedis
978 1793 1130 1874 Legatos,
1160 1789 1229 1856 viro
1244 1786 1384 1856 discreto
1409 1789 1481 1854 An·

350 1904 425 1972 duee
442 1899 594 1971 Gauscnc
610 1902 772 1969 Oancnico
786 1898 943 1966 Paduano
953 1899 1099 1965 'salutem
1114 1897 1150 1962 in
1165 1896 1312 1963 Domino.
1351 1894 1478 1961 Admo-

348 2016 404 2078 net
420 2031 479 2079 nos
495 2030 571 2078 cura
580 2007 809 2077 sollicitudinis
820 2007 978 2075 commissi
995 2006 1087 2072 nobis
1103 2005 1210 2091 officii,
1227 2013 1262 2072 ut
1279 2003 1363 2071 circa
1380 2022 1478 2070 cunc·

347 2121 398 2186 tas
415 2119 580 2186 Ecclesiae
598 2117 685 2183 inira
701 2115 888 2200 negationis
904 2121 1014 2182 nostre
1037 2113 1192 2180 terminos
1218 2111 1344 2198 positas
1368 2111 1478 2177 consi·

347 2225 526 2294 dotationis
541 2223 692 2292 intuitum
709 2223 905 2306 dirigamus3
928 2219 984 2288 sed
1012 2239 1051 2288 eo
1077 2221 1218 2306 amplius
1249 2219 1337 2286 circa
1368 2218 1479 2302 magis

346 2333 470 2401 nobilia
486 2330 629 2398 membra
644 2332 788 2398 Romane
805 2329 954 2396 Ecclesia
969 2328 1109 2412 vigilare
1127 2345 1186 2393 nos
1213 2325 1375 2409 convenit,
1406 2345 1476 2408 quo

348 2440 390 2505 ab
408 2437 487 2524 ipsis
502 2437 577 2521 plus
592 2436 742 2522 exigitur,
759 2455 832 2502 cum
849 2435 896 2502 eis
912 2440 1062 2501 noscatur
1078 2431 1291 2518 probabiliter
1306 2435 1379 2518 plns
1389 2453 1478 2500 com·

347 2546 494 2612 missum.
511 2540 589 2608 (lum
606 2541 705 2627 igitur
721 2543 868 2609 Ecclesia
884 2540 1051 2626 Ragusina
1066 2543 1203 2608 vacante
1218 2541 1262 2607 ad
1277 2541 1478 2628 ipsinsregi-

348 2671 421 2719 men
438 2651 482 2719 sis
498 2656 705 2736 assumptus,
728 2667 787 2717 nos
804 2649 960 2736 uolentes,
978 2655 1013 2715 ut
1028 2647 1101 2734 ipsa
1117 2646 1276 2735 Ecclesia,
1309 2669 1382 2716 cum
1409 2651 1478 2717 lle

347 2760 545 2848 tropolitana
561 2759 693 2843 existat,
709 2765 774 2826 tam
792 2759 826 2824 in
841 2778 887 2846 sc,
904 2778 1002 2842 quam
1018 2759 1053 2824 in
1069 2758 1224 2827 subiectis
1240 2759 1304 2825 sibi
1320 2760 1479 2827 Ecclesiis
1601 2807 1602 2810 ,

347 2889 413 2938 non
428 2867 570 2954 patiatur
587 2863 758 2952 delectum,
791 2885 901 2931 curam
918 2870 950 2931 ct
965 2867 1277 2934 administrationem
1293 2868 1400 2952 ipsius
1417 2869 1476 2935 Ec·

347 2977 446 3046 olesic
461 2983 527 3042 tam
543 2974 577 3041 in
594 2975 828 3062 spiritualibus,
845 2994 942 3059 quam
958 2975 991 3039 in
1009 2974 1251 3060 temporalibus,
1277 2976 1476 3043 anctoritate

346 3103 413 3167 qua
428 3082 602 3167 fungimur,
633 3089 745 3149 tenore
761 3083 970 3168 presentium,
1002 3083 1122 3150 intuitu
1139 3089 1171 3149 et
1197 3086 1475 3171 contemplatione

346 3190 488 3258 Illustris
504 3197 536 3257 et
561 3189 725 3273 Magnifici
756 3191 818 3257 riri
849 3189 971 3257 domini
999 3188 1166 3258 Laurentii
1197 3192 1335 3277 Tcopoli
1366 3194 1476 3262 incliti

346 3297 448 3364 Ducis
464 3297 674 3364 venetiarum
699 3298 760 3365 tibi
785 3298 979 3365 fiducialiter
1009 3297 1158 3368 duximus
1189 3302 1474 3386 committendam;

345 3409 524 3491 sperantes,
556 3410 601 3490 nt,
632 3423 705 3471 oum
721 3405 764 3473 ad
780 3407 916 3473 eandem
941 3406 1122 3473 Ecclesiam
1154 3409 1199 3475 sis
1230 3409 1365 3499 elector,
1398 3433 1474 3479 eam

345 3511 461 3577 maiori
477 3511 649 3578 affectione
665 3510 795 3600 diligas,
811 3521 844 3582 et
861 3514 948 3582 circa
964 3514 1067 3598 ipsius
1092 3515 1261 3584 commoda
1284 3517 1476 3589 ferventiori

345 3619 462 3686 affectu
477 3624 510 3685 te
526 3619 647 3687 debeas
664 3640 825 3688 exercere.
849 3621 900 3687 Ad
915 3621 1094 3707 predictam
1110 3623 1179 3692 eius
1196 3644 1307 3692 curam
1324 3634 1356 3694 at
1371 3627 1476 3696 admi-

345 3723 568 3793 nistrationem
584 3724 644 3792 tibi
661 3727 923 3796 committendam
939 3730 997 3795 illa
1024 3730 1109 3796 ratio
1135 3751 1195 3798 nos
1224 3732 1359 3817 inducit,
1392 3739 1475 3821 quia

343 3833 446 3919 ipsius
462 3833 607 3901 Ecclesia
623 3833 807 3920 Capitulum
822 3841 854 3905 te
871 3835 964 3906 duxit
990 3838 1024 3903 in
1056 3859 1150 3906 snum
1181 3839 1474 3930 Archiepiscopum

344 3939 542 4008 concorditer
559 3941 753 4026 eligendum.
778 3943 829 4010 'Pu
854 3964 944 4027 ergo,
975 3948 1133 4029 tanquam
1164 3947 1215 4015 vir
1245 3949 1401 4040 prudens,
1433 3973 1476 4020 ex

342 4068 429 4116 nuuc
444 4049 582 4116 eandem
599 4069 709 4116 curam
727 4056 759 4117 et
772 4049 1088 4121 administrationem
1105 4056 1277 4142 suscipias,
1310 4067 1343 4126 et
1358 4065 1476 4132 omnia

342 4163 376 4226 et
390 4155 522 4240 singula
537 4155 572 4223 in
588 4156 813 4242 spiritualibus
829 4165 862 4226 et
878 4160 1113 4246 temporalibus
1138 4163 1252 4248 facias,
1286 4186 1351 4250 que
1375 4173 1477 4242 utilia

344 4261 520 4330 credideris
536 4267 569 4329 et
584 4263 705 4332 rideris
721 4265 884 4353 expedire,
911 4274 945 4334 nt
972 4277 1080 4355 preter
1107 4273 1324 4342 retributionis
1350 4277 1476 4346 Disine

342 4369 502 4465 premium¹
516 4375 725 4454 consequaris
742 4374 784 4441 ab
816 4374 1001 4444 bominibus
1034 4397 1150 4446 nomen
1182 4381 1318 4466 bonnm;
1344 4393 1478 4454 contra·

342 4474 482 4544 dictores
521 4478 698 4548 monitione
729 4481 888 4566 premissa
920 4503 978 4569 per
1010 4505 1180 4556 censuram
1211 4489 1475 4564 ecclesiasticam

340 4583 583 4665 compescendo.
616 4586 655 4653 In
686 4589 774 4660 cuius
806 4593 851 4658 rei
882 4593 1100 4662 testimonium
1132 4604 1302 4682 presentes
1336 4602 1470 4674 litteras
