3116 5178
598 376 761 523 292„

105 635 178 683 non
192 617 339 704 tenebat,
373 615 528 684 deberent
543 614 699 684 accedere
715 635 824 684 coram
838 613 934 684 nobis
951 616 986 683 in
1009 635 1160 702 persona,
1190 616 1244 682 uel

109 721 201 791 dicta
215 723 359 809 testium,
376 721 462 790 sicut
477 722 524 790 eis
541 721 695 808 placeret,
728 741 809 808 quos
826 741 903 808 pars
920 723 1026 791 altera
1041 723 1085 790 ad
1102 722 1246 809 probau-

3 847 4 856 ³
38 855 40 860 ⁴
108 829 188 898 dum
203 830 309 917 petita
325 833 359 897 in
376 830 487 899 libello
502 828 710 898 introducere
725 829 926 917 intendebat,
957 831 1134 899 secundum
1151 827 1243 896 iuris

2 993 3 998 ,
106 938 258 1006 ordinem
273 938 444 1007 obiecturi.
467 935 562 1014 Quod
576 957 649 1006 cum
664 957 729 1006 non
747 959 808 1025 per
822 958 869 1025 se,
886 939 940 1006 vel
950 957 1009 1023 per
1019 936 1243 1024 responsalem

108 1045 257 1131 aliquem
274 1046 474 1133 intermino,
500 1051 622 1134 etpost
654 1045 825 1114 terminum
857 1044 980 1113 diutius
1011 1047 1175 1133 expectati
1206 1045 1241 1111 in

104 1151 242 1222 Judicio
258 1153 509 1242 comparuerint,
534 1155 634 1222 testes
650 1173 752 1240 super
766 1152 876 1240 potitis
891 1153 993 1240 recipi
1008 1154 1244 1222 mandavimus

107 1269 141 1328 et
156 1259 342 1348 recepimus
359 1265 392 1328 et
422 1259 691 1350 examinavimus,
722 1261 908 1346 aperuimus
933 1268 966 1329 et
997 1260 1246 1349 publicavimus,

9 1351 13 1357 ¹
109 1369 304 1438 solemniter
313 1367 445 1454 justitia
459 1369 623 1453 exigente.
648 1369 800 1436 'l'estibus
816 1368 913 1452 igitur
928 1366 1104 1454 diligenter
1119 1371 1243 1436 exami-

2 1497 3 1500 ’
105 1478 198 1544 natis
225 1497 299 1545 cum
315 1496 356 1544 ea
373 1475 544 1563 diligentia
559 1481 594 1546 et
610 1479 752 1565 cantela,
783 1496 847 1561 qne
861 1477 946 1544 solet
961 1484 993 1545 et
1006 1475 1104 1545 debet
1119 1479 1154 1544 in
1169 1479 1241 1545 tali-

106 1587 170 1654 bus
187 1584 346 1669 adbiberi,
362 1591 395 1651 et
410 1583 676 1653 attestationibus
692 1584 878 1654 solemniter
894 1584 1078 1671 publicatis,
1108 1585 1243 1654 rationi·

104 1694 168 1761 bus
186 1699 221 1759 et
237 1691 494 1778 allegationibus
511 1689 687 1775 diligenter
717 1691 857 1776 auditis3
879 1692 960 1760 visis
990 1691 1089 1761 etiam
1122 1693 1241 1763 litteris

104 1799 301 1888 Papalibns,
315 1799 498 1886 privilegiis
514 1819 554 1866 ac
568 1799 794 1868 instrumentis
810 1799 959 1887 pluribus
974 1821 1073 1890 super
1088 1800 1149 1870 boc
1163 1803 1243 1869 iam-

1 1893 2 1980 }
104 1905 233 1974 dudum
250 1906 415 1987 confectis,
441 1928 541 1994 super
571 1907 742 1993 premissis
774 1906 1015 1977 deliberatione
1045 1907 1101 1975 diu
1131 1907 1244 1976 babitu

1 2026 2 2068 ἓ
104 2013 297 2100 diligenter,
311 2013 449 2084 termino
466 2016 568 2082 etiam
583 2012 684 2082 bodie
699 2015 895 2102 peremtorio
911 2017 1084 2084 constituto
1100 2018 1144 2085 ad
1169 2036 1240 2084 sen-

1 2189 2 2214 ,
103 2125 247 2193 tentiam
261 2122 505 2211 proferendam.
545 2119 632 2198 Quia
647 2123 741 2191 nobis
758 2125 934 2192 manifeste
949 2130 1076 2192 constat
1091 2131 1159 2192 tan
1184 2144 1243 2211 per
1275 2167 1279 2174 -

103 2234 281 2320 premissa,
309 2251 407 2316 quam
423 2231 523 2297 etiam
540 2229 648 2297 forma
679 2231 814 2315 publica
843 2238 877 2300 et
905 2233 1032 2300 notoria
1062 2231 1240 2316 deferente,

106 2339 261 2406 Castrum
279 2337 510 2406 etEeclesiam
529 2337 717 2425 Sybinieia
748 2346 900 2426 tempore,
933 2341 1025 2408 cuius
1056 2362 1121 2409 nou
1150 2347 1241 2408 extat

104 2447 278 2534 memoria,
294 2445 397 2513 fuisse
412 2466 452 2513 ac
467 2448 538 2512 fore
554 2445 596 2514 de
610 2446 749 2514 Diocese
766 2447 989 2536 Traguriensi,
1021 2447 1184 2516 subfuisse
1200 2468 1240 2515 ac

1 2636 2 2652 χ
105 2553 232 2623 debere
247 2553 382 2622 subesse
396 2553 610 2639 Traguriensi
625 2552 789 2640 Episcopo
807 2562 973 2641 tamqnam
989 2577 1048 2626 suo
1081 2557 1235 2644 Diocesa·

1 2703 2 2745 3
106 2681 170 2744 no;
196 2662 436 2730 communicato
452 2659 591 2728 consilio
610 2661 807 2748 sapientum,
840 2663 978 2732 dicimus
994 2671 1027 2732 et
1056 2667 1238 2734 sentialiter

1 2759 2 2786 ³
105 2767 142 2834 in
158 2768 292 2855 scriptis
306 2763 560 2854 pronunciamus
577 2769 738 2838 auctorite
754 2770 848 2838 nobis
864 2769 984 2838 tradita
1009 2778 1042 2840 et
1072 2792 1241 2862 concessa,

105 2877 214 2963 partie
231 2871 370 2943 adverse
386 2875 592 2942 contumacia
607 2876 851 2958 nonobstante,
882 2876 973 2944 cuius
997 2879 1149 2947 absentia
1178 2873 1241 2949 Dei

1 2971 2 2976 ¹
105 2983 276 3070 repleatur
301 2982 504 3069 presentia:
537 2979 689 3051 Oastrum
721 2991 754 3050 et
782 2981 964 3052 Ecclesiam
996 2985 1240 3080 Sybiniceneem

107 3089 212 3160 fuisse
227 3110 267 3158 ao
283 3111 356 3160 esse
370 3090 491 3160 debere
507 3088 548 3159 de
563 3090 696 3160 Diocesi
728 3111 785 3159 seu
817 3091 981 3160 territorio
1011 3094 1242 3178 Traguriensis

1 3229 2 3232 ¹
106 3199 266 3284 Ecclesie,
281 3218 342 3266 sne
356 3205 514 3282 tanquam
532 3199 661 3265 matrici
678 3204 708 3266 et
739 3198 840 3285 capiti
870 3199 905 3265 in
919 3279 922 3286 ¹
935 3200 1084 3268 omnibus
1115 3201 1241 3271 iuribus

107 3305 367 3395 episcopalibus,
398 3311 466 3372 tam
482 3303 526 3370 ad
542 3306 649 3393 legem
679 3305 901 3394 diocesariam,
933 3327 1030 3391 quarn
1062 3307 1106 3375 ad
1136 3310 1241 3394 legem

1 3499 2 3502 Ἴ
101 3413 352 3502 jurisdictionis
369 3410 608 3499 spectantibus,
623 3411 751 3480 scilicet
767 3412 964 3500 obedientia,
982 3414 1183 3484 subiectione
1200 3438 1240 3486 ac

1 3568 2 3610 3
109 3523 306 3610 reverentia,
323 3522 525 3590 institutione
542 3542 582 3590 ao
598 3518 809 3591 destitutione
823 3521 1106 3610 Arebipresbyteri
1121 3525 1243 3596 etalio·

1 3630 2 3672 ³
109 3650 183 3698 rum
200 3630 392 3700 clericorum
409 3630 452 3699 de
466 3628 635 3716 Sybinico,
651 3629 860 3715 correctione,
875 3631 1108 3702 reformatione
1123 3655 1244 3704 accen·

109 3757 190 3808 sura
205 3737 430 3810 ecelesiastica
445 3744 478 3807 et
493 3745 770 3807 sacramentorum
786 3741 939 3827 omnium,
954 3759 1018 3824 que
1028 3743 1071 3810 ab
1081 3743 1244 3830 Episcopo

1 3851 2 3862 ’
108 3857 190 3918 sunt
205 3846 404 3935 recipienda,
436 3845 628 3931 collatione,
658 3845 770 3914 uenire
787 3845 831 3912 ad
848 3845 1027 3936 Synodnm,
1054 3850 1244 3919 'uisitatione

1 3977 2 3984 ¹
111 3976 243 4044 quoque
259 3974 378 4041 annua,
395 3959 427 4023 et
441 3949 654 4040 quorumdam
671 3954 878 4023 exactionum
893 3955 1103 4043 prestatione,
1130 3977 1193 4042 que
1208 3958 1243 4024 in

110 4067 300 4137 Natiuitate
315 4061 447 4132 Domini
463 4069 496 4130 et
510 4061 545 4129 in
559 4063 811 4133 Resurrectione
821 4063 994 4133 Dominica
1002 4064 1043 4133 ab
1054 4066 1188 4150 antiqno
1197 4088 1248 4136 so·

113 4179 175 4245 lita
189 4181 265 4244 sunt
279 4170 429 4260 prestari,
446 4170 531 4241 sicut
543 4169 579 4237 in
588 4171 801 4240 instrumento
812 4172 1044 4240 transactionis
1060 4174 1146 4243 lacte
1162 4175 1248 4244 inter

108 4285 237 4355 dictum
251 4279 448 4366 Episcopum
468 4279 622 4364 Tragurii
639 4299 680 4348 ex
695 4299 760 4348 una
770 4284 874 4367 parto,
891 4286 924 4348 et
934 4277 968 4350 S.
978 4278 1246 4370 Archipresbyte·

113 4413 185 4461 rum
201 4395 236 4461 et
253 4380 532 4458 oeteros'olerioos
549 4386 698 4474 Sybinici
712 4406 754 4454 ex
769 4388 874 4456 altera
889 4387 1020 4474 plenius
1036 4387 1154 4457 dicitur
1170 4410 1247 4459 con-

110 4499 223 4587 tineri,
256 4503 289 4564 et
304 4495 457 4564 roborato
473 4494 669 4564 auctoritate
684 4495 829 4584 capituli
860 4495 1067 4586 Spataleneis
1097 4496 1248 4566 Ecclesia

113 4602 380 4692 Metropolitane,
395 4607 428 4671 et
442 4602 577 4691 insuper
593 4603 786 4674 auctoritate
800 4603 924 4673 domini
939 4603 1029 4695 Pape
1043 4603 1133 4674 diota
1142 4611 1249 4676 trans·

113 4712 248 4783 aetium
263 4713 363 4782 etism
379 4709 584 4800 confirmata,
600 4711 750 4799 legitime
765 4712 936 4786 subiacere
951 4720 984 4782 et
1008 4713 1251 4786 rationabiliter
