3184 5186
829 296 989 400 *ee-e—

352 493 416 578 gile
431 492 536 577 ipsius
551 492 639 562 Petri
655 497 687 558 et
717 500 927 577 pugnatorum
960 513 1090 561 suorum
1116 498 1352 580 succumbente,
1386 499 1481 582 ipsas

349 603 434 669 duas
449 609 557 690 partes
573 611 657 668 terre
686 601 833 686 legitime
863 604 1080 688 optinuissent
1111 615 1144 672 et
1174 607 1415 691 iustidoassent,
1448 613 1480 672 et

349 717 427 778 tune
442 708 632 778 habuissent
647 729 704 776 eas
722 709 754 774 iu
772 709 922 794 plenaria
937 717 1098 795 potestate
1114 733 1175 780 sua
1190 723 1343 800 aceeptus
1356 715 1400 780 ab
1412 734 1481 778 una

350 825 442 903 parte
457 839 530 885 oum
545 817 726 886 redditibus
742 817 839 884 trium
856 818 1111 887 molendinorum
1129 821 1262 890 sitorum
1279 844 1378 908 snper
1390 842 1482 906 aqua

349 927 532 1012 Homorovr,
549 926 616 998 sed
624 925 767 992 nundum
785 923 870 1015 (lgy)
889 927 1018 994 litteras
1028 930 1284 998 confirmatorias
1297 929 1482 998 aRolando

349 1033 498 1102 Palatino
512 1053 609 1118 super
626 1032 749 1100 eisdem
766 1034 969 1121 aeeepissent
995 1047 1027 1102 et
1057 1037 1288 1126 inpetrassent,
1320 1058 1358 1106 eo
1391 1036 1482 1121 quod

349 1141 519 1210 Rolandus
534 1140 705 1207 Palatinus
722 1139 831 1208 medio
848 1149 991 1229 tompore
1007 1142 1051 1208 ad
1068 1142 1169 1210 aliam
1194 1144 1308 1211 suisset
1339 1143 1481 1228 dignita-

349 1259 412 1317 tem
428 1253 680 1334 transmutatus;
703 1255 736 1316 et
751 1269 848 1334 snper
865 1250 1013 1318 omnibus
1030 1251 1090 1335 bys
1106 1250 1232 1318 litteras
1249 1251 1393 1319 Rolandi
1419 1250 1482 1318 Pa

348 1356 444 1424 latini
459 1357 663 1425 memoriales
679 1356 938 1444 quamplurimas
954 1358 1058 1426 eidem
1074 1359 1208 1427 Herrieo
1225 1360 1379 1426 Palatino
1408 1381 1482 1445 pre

348 1473 542 1553 tentassent,
567 1466 599 1531 in
616 1466 732 1549 quibus
749 1465 928 1533 inuenisset
942 1473 1044 1534 totum
1078 1487 1261 1549 proeessum
1296 1488 1399 1534 eause
1432 1467 1481 1534 sie

350 1597 430 1662 esse,
448 1577 531 1642 sieut
546 1572 655 1662 Synob
671 1582 704 1640 et
721 1574 850 1658 cognati
866 1575 917 1641 sui
933 1574 1050 1661 prefati
1067 1578 1301 1661 euenissent,
1326 1575 1369 1642 ad
1387 1575 1477 1658 quod

349 1685 464 1752 Petrus
480 1703 519 1750 ae
533 1682 591 1766 filij
610 1688 642 1750 et
659 1681 774 1749 fratres
793 1682 861 1748 eius
880 1683 1116 1769 respondentes
1133 1683 1312 1751 assertioni
1345 1682 1479 1749 illorum

350 1801 382 1858 et
397 1790 515 1858 litteris
531 1789 670 1856 Rolandi
691 1789 831 1856 Palatini
857 1791 891 1856 in
923 1792 1014 1857 nullo
1046 1789 1330 1875 contradixissent,
1364 1791 1479 1878 poeius

349 1905 458 1968 antem
474 1897 579 1966 verbis
597 1896 724 1964 illorum
741 1916 909 1964 assensum
927 1899 1133 1982 prebuissent
1149 1905 1181 1964 et
1196 1899 1355 1983 fauorem,
1374 1905 1477 1965 totum

347 2008 409 2074 hoe
424 2007 472 2072 sie
487 2025 558 2072 esse
575 2011 683 2071 aetum
699 2001 900 2070 affirmantes
913 2028 920 2090 ;
945 2005 1017 2091 ipae
1031 2005 1192 2089 siquidem
1208 2007 1364 2072 Hernicus
1381 2007 1475 2072 Pala-

349 2117 435 2183 tinus
452 2113 571 2180 auditis
588 2113 734 2198 pareium
750 2113 999 2198 assereionibus,
1016 2121 1113 2197 prout
1130 2112 1208 2179 ordo
1218 2113 1306 2197 juris
1315 2117 1475 2198 postulas-

348 2232 408 2310 set,
424 2223 511 2308 quod
527 2245 546 2288 a
561 2221 707 2289 Rolando
724 2220 875 2288 Palatino
901 2222 1112 2288 remansisset
1142 2241 1206 2290 non
1239 2221 1411 2308 difinitum,
1442 2223 1474 2288 id

349 2331 477 2397 eideere
494 2352 567 2396 oum
584 2327 766 2396 redditibus
782 2329 911 2396 illorum
925 2329 1023 2396 trium
1057 2329 1314 2397 molendinorum
1347 2332 1469 2415 sepedi-

348 2439 410 2506 otis
427 2437 556 2524 Syneio,
573 2437 662 2525 Zale,
694 2436 841 2520 Potboni,
873 2437 1017 2522 Rendue,
1051 2439 1230 2524 Mortunus,
1261 2445 1292 2503 et
1323 2437 1470 2506 bloeboni

348 2548 548 2632 assignasset
564 2551 596 2611 et
612 2546 798 2629 reliquisset
813 2548 847 2613 in
866 2554 1054 2632 perpetuum
1071 2546 1298 2634 possidendas.
1335 2549 1378 2614 ut
1394 2550 1472 2616 sieut

351 2662 487 2739 utraque
502 2674 582 2738 pars
597 2655 670 2739 pari
688 2663 762 2722 uoto
779 2655 953 2740 retulisset,
967 2655 1079 2722 eedem
1108 2656 1171 2724 due
1198 2664 1306 2739 partes
1336 2657 1423 2721 terre
1452 2673 1472 2717 a

348 2767 450 2829 tercia
466 2770 560 2849 parte
575 2771 669 2851 terre,
686 2783 750 2848 que
764 2762 887 2830 eisdem
902 2763 998 2830 Petro
1014 2770 1044 2830 et
1071 2764 1216 2848 cognatis
1248 2765 1315 2831 suis
1347 2783 1470 2829 reman-

347 2873 454 2959 sisset,
471 2871 516 2936 sio
532 2871 784 2954 distingerentur
801 2897 808 2936 :
842 2873 951 2939 Prima
967 2872 1050 2939 enim
1067 2879 1154 2940 meta
1170 2873 1369 2958 inciperetur
1387 2869 1469 2956 apud

347 2981 475 3047 Assuan
493 2987 579 3046 retro
596 2979 707 3046 uillam
725 2980 835 3066 Synoi,
853 2980 906 3047 ubi
923 2987 1105 3046 essenttres
1115 2985 1218 3064 mete;
1234 2977 1353 3045 dehine
1363 2985 1467 3045 autem

346 3089 407 3153 iret
423 3088 569 3173 superius
585 3108 698 3156 versus
715 3089 845 3174 siluam,
862 3087 916 3154 vbi
934 3096 1042 3155 essent
1059 3088 1123 3154 due
1138 3093 1222 3153 mete
1239 3096 1326 3154 retro
1344 3088 1469 3166 villam;
1521 3079 1524 3087 ’

346 3195 464 3261 dehine
480 3201 588 3262 autem
605 3197 759 3262 transiret
776 3196 919 3274 fluuium,
938 3197 991 3263 vbi
1009 3195 1112 3261 eoiam
1129 3201 1237 3261 essent
1269 3195 1333 3261 due
1367 3199 1468 3270 mete;

345 3302 463 3369 deinde
477 3308 585 3371 autem
602 3302 664 3368 iret
679 3301 720 3367 ad
737 3321 851 3369 nasum
868 3302 985 3388 insule,
1009 3303 1064 3368 vbi
1089 3301 1239 3368 similiter
1269 3307 1381 3367 essent
1410 3300 1469 3366 due

346 3417 446 3492 mete;
471 3409 590 3477 deinde
606 3411 692 3478 enim
708 3409 778 3489 iret,
796 3409 839 3475 ad
855 3410 939 3477 vltra
955 3409 989 3475 in
1006 3409 1073 3476 alia
1089 3411 1198 3476 insula
1223 3409 1326 3475 eoiam
1359 3411 1465 3474 essent

346 3519 409 3584 due
425 3523 527 3600 mete;
549 3518 667 3583 deiude
683 3525 791 3583 autem
808 3516 964 3584 transiret
978 3537 1076 3583 vnum
1102 3517 1245 3595 fluuium,
1278 3517 1330 3582 rbi
1364 3519 1467 3583 essent

345 3624 407 3690 due
423 3632 527 3708 mete;
551 3625 670 3691 debine
684 3630 793 3690 autem
811 3625 871 3690 iret
887 3622 930 3689 ad
947 3629 1047 3691 metas
1063 3630 1149 3690 terre
1165 3622 1361 3707 Eberhardi,
1378 3631 1410 3689 et
1425 3622 1466 3686 ibi

346 3733 580 3801 terminaretur.
604 3734 757 3801 Preterea
773 3737 857 3800 esset
872 3731 1009 3817 quedam
1027 3731 1188 3818 particula
1203 3738 1289 3797 terre
1304 3731 1411 3796 recisa
1427 3747 1464 3794 er

344 3840 458 3906 eadem
474 3847 561 3908 terra
577 3839 685 3926 Welk,
702 3841 788 3906 eirea
803 3839 988 3923 quindecim
1002 3841 1120 3925 jugera
1135 3845 1229 3919 terre,
1245 3858 1342 3923 qnam
1353 3838 1464 3904 Petrus

344 3956 377 4014 et
389 3950 523 4034 eognati
541 3950 590 4016 sui
607 3949 724 4035 prefati
741 3947 864 4016 eisdem
879 3948 998 4035 Synoio
1014 3954 1045 4013 et
1060 3947 1209 4031 oognatis
1224 3946 1293 4012 suis
1309 3944 1353 4011 ad
1379 3945 1462 4030 ipsas

345 4056 426 4124 duas
443 4065 554 4143 partes
570 4065 655 4125 terre
670 4055 767 4124 Welk
786 4055 992 4138 reliquissent
1007 4056 1070 4123 stb.
1106 4057 1225 4120 Datum
1245 4051 1336 4118 Bude
1352 4049 1465 4118 duode-

345 4167 429 4230 oimo
445 4165 499 4231 die
514 4173 702 4233 ootauarum
734 4163 811 4230 festi
842 4161 954 4230 Sanoti
987 4162 1120 4228 Martini
1150 4160 1350 4228 eonfessoris
1382 4178 1464 4224 anno

345 4273 474 4339 Domini
491 4272 711 4340 M⁰OOO⁰XL⁰
731 4277 832 4340 sexto.

453 4471 592 4535 (nudatis
609 4472 795 4538 uernamyen,
808 4487 826 4522 a
846 4470 930 4522 budai
949 4471 1002 4521 kir.
1022 4470 1149 4522 kamarsi
1168 4468 1363 4532 lsvslttrban.)
