3182 5200
575 355 736 456 Q

16 527 18 534 ¹
107 557 179 642 enai,
207 553 307 632 Baien
331 552 467 621 Albensi
508 553 688 620 Comitatus
727 549 922 618 tenentibus.
967 549 1073 634 Regni
1111 556 1228 618 nostre

16 741 17 744 Ἴ
106 683 183 732 anne
198 663 283 728 VIII.

186 855 345 923 (Thalesiea,
364 857 486 911 Menum.
505 859 571 909 hist.
592 859 685 922 Epire.
704 858 902 922 Zagrabienris
919 857 942 906 Ι.
962 857 1024 908 ket.
1042 859 1087 906 28.
1104 857 1135 920 I)

526 1141 794 1165 ψ’*

637 1675 686 1742 II.

104 1879 150 1942 II·
161 1877 269 1941 Eadre
284 1876 464 1959 leirddpnak
480 1872 574 1936 Saea
591 1873 713 1938 Mitrida
730 1874 841 1958 Erchy
858 1873 986 1938 arellette‘
1011 1876 1136 1957 ezr'petdt
1159 1879 1228 1938 τάν-

189 1984 295 2068 pyaad
309 1983 490 2064 adoma'nya
507 2005 527 2043 α
545 1981 698 2064 tepuekai
712 1983 852 2067 apcitsdp
869 1983 1029 2043 szcimctra.
1048 1979 1145 2042 1213.

205 2176 356 2243 Andreas
372 2175 436 2241 Dei
450 2176 564 2259 gracia
579 2173 747 2258 Hungarie
758 2176 827 2241 Rex
837 2181 899 2243 ete.
917 2175 1066 2244 omnibns
1084 2173 1127 2238 ad
1146 2193 1228 2256 qnos

102 2282 205 2352 literne
230 2291 399 2368 presentes
415 2283 615 2368 perveniunt,
635 2284 774 2348 salntem
790 2284 824 2348 in
842 2285 991 2352 Domine.
1011 2281 1225 2350 Universitati

103 2401 204 2458 vestre
235 2398 349 2458 netum
382 2411 455 2458 esse
485 2391 644 2476 cupimus,
668 2391 762 2474 qnod
794 2391 933 2458 Insulam
973 2392 1067 2459 Beati
1099 2389 1231 2477 Nyehe-

103 2499 140 2563 Iai
171 2499 212 2565 de
245 2497 355 2584 Erehy
387 2499 462 2568 Deo
492 2504 525 2565 et
549 2497 652 2564 Beate
684 2498 786 2565 Marie
803 2507 836 2564 et
851 2499 967 2569 Domni
994 2489 1260 2566 Olarerallensi'

103 2605 211 2673 devote
227 2606 437 2693 contulimus,
456 2611 487 2671 et
497 2612 618 2671 terram
634 2604 769 2691 Topliee
780 2614 812 2673 et
824 2605 928 2673 Gerre
944 2603 1088 2673 seeundo
1103 2603 1228 2687 scripte

103 2713 362 2780 confirmavimus
379 2711 576 2782 testimonio.
592 2711 701 2778 Unum
715 2712 862 2780 volumus
873 2720 906 2780 et
915 2711 1109 2780 auctoritate
1124 2709 1228 2793 Regia

103 2820 309 2907 precipimus,
325 2827 362 2887 nt
377 2838 490 2887 omnes
506 2819 538 2884 in
556 2817 694 2904 prefatis
725 2822 820 2887 terrIs
835 2819 983 2887 viventes
1010 2819 1154 2886 Eeeiesie
1170 2816 1233 2886 Dei

103 2933 132 2992 et
145 2927 268 2994 Abbati
284 2927 367 2994 inibi
383 2928 596 2993 commoranti
613 2925 730 2993 devote
746 2925 901 2993 obediant
916 2935 949 2993 et
964 2925 1105 2992 servicia
1121 2923 1232 2994 debita

104 3031 303 3119 impendant.

227 3232 390 3294 (I'Iraicsics¹
410 3232 537 3282 Menum.
556 3231 623 3280 hist.
643 3229 737 3294 Epire.
756 3232 876 3296 Zagrab.
895 3231 917 3280 1.
936 3230 996 3281 kdt.
1016 3234 1058 3279 30.
1076 3229 1107 3292 l.)

536 3499 855 3528 ..m-¹

646 4047 698 4114 ta.

107 4247 148 4314 II.
174 4248 289 4312 Eudae
305 4247 416 4331 tirely
432 4245 632 4332 fetruhdaza
657 4269 677 4310 a
701 4247 853 4332 reperiat
880 4249 993 4333 apator
1017 4249 1111 4334 nepes·
1134 4251 1239 4328 faletti

453 4356 779 4444 tdrvbnyhatdsdppai.
794 4355 891 4419 1213.

215 4551 254 4618 In
288 4551 419 4619 nomine
435 4550 554 4620 Sancte
573 4550 747 4619 Trinitatis
764 4558 797 4618 et
810 4549 983 4620 individue
1002 4549 1158 4636 Unitatis.
1173 4558 1238 4624 An·

112 4657 208 4727 dreas
226 4660 290 4726 Dei
307 4658 421 4744 grania
436 4659 602 4744 Hungarie
635 4657 704 4724 Rex
721 4667 782 4726 ete.
799 4659 893 4727 Lieet
907 4663 1018 4728 omnin
1035 4661 1240 4749 CystereIen·
