3116 5186
894 253 961 324 23⁴

846 341 1006 356 m

358 451 435 520 inno
477 449 703 535 ergrubiensi²
741 447 968 517 Bmthotomoo
1007 446 1364 533 Quinqueeodosiemt,
1402 449 1478 536 Roy-

359 559 460 627 mtldo
497 557 737 644 Trunsyluuno‚
775 555 900 624 Bulohu
932 556 1139 640 Oenudiensi,
1181 553 1358 624 Benedioto
1387 555 1476 628 uun

360 667 467 736 diensi
490 665 663 752 Episoopis
688 663 851 732 Euelesius
876 664 940 731 Dei
964 662 1102 732 feliciter
1124 661 1388 749 gubernantibus.
1409 665 1476 732 Dio·

363 773 450 862 nisio
466 774 589 843 comite
604 772 766 856 Psintino,
798 771 978 841 Benediuto
992 771 1077 840 Aule
1089 775 1197 839 nostre
1213 769 1337 838 curiati
1352 771 1473 850 Comito,

364 881 502 950 Niooluo
518 881 677 965 Magistro
693 879 959 962 Tunurnieorum,
980 879 1075 946 Phile
1084 878 1241 963 Magistro
1250 877 1474 964 Depiierorum¹

361 989 533 1077 Myohueie
548 990 707 1074 Magistro
723 993 925 1072 ruszorum,
958 985 1096 1056 stefano
1128 985 1285 1072 Mugistro
1316 985 1475 1054 Pinnemu·

363 1118 445 1184 rum,
461 1105 493 1164 et
509 1095 585 1180 ulijs
601 1116 698 1182 quum
714 1094 862 1182 pluribus
881 1095 1061 1162 Comitatus
1077 1101 1110 1161 ot
1126 1095 1338 1177 Magistratus
1353 1095 1474 1162 tenenti·

362 1203 431 1273 bus.
455 1205 560 1288 Regni
576 1203 676 1270 nostri
692 1222 778 1270 enno
794 1201 947 1274 vicesimo
964 1208 1109 1270 oetunn«

361 1402 398 1463 (A
427 1403 509 1467 gydri
538 1402 734 1466 kdptulnnnnk
764 1404 841 1452 1897.
872 1405 989 1452 »ooteuo
1020 1401 1065 1451 die
1097 1401 1162 1452 festi
1190 1401 1272 1453 Bsnti
1291 1401 1405 1450 Martini
1421 1413 1475 1450 oon·
1546 1426 1547 1429 =

362 1491 491 1541 sessoris«
514 1490 630 1541 »comes
648 1489 742 1540 'l'emol
760 1493 789 1539 et
808 1490 908 1540 Petrus
927 1489 978 1555 filij
997 1489 1084 1552 Petri,
1098 1505 1131 1540 no
1150 1489 1273 1542 Thomas
1293 1489 1366 1539 filius
1382 1488 1475 1540 dohan-

362 1581 406 1632 nis
418 1579 664 1646 dezenthgyur33
684 1581 753 1630 item
771 1579 909 1645 Georgius
928 1581 957 1630 et
974 1577 1107 1632 Nicoluus
1125 1579 1175 1644 fllij
1195 1578 1309 1630 Nioolni
1327 1579 1360 1630 ds
1376 1578 1474 1640 Bouyn«

398 1669 526 1720 srtmdru
544 1667 689 1720 kisdntntt
707 1669 880 1734 stirsttbol;
898 1683 916 1718 u
934 1668 1019 1720 budui
1039 1669 1093 1720 tir.
1113 1669 1241 1720 tremensi
1260 1667 1444 1729 levelttrbun.)

896 2415 968 2482 163.

248 2643 251 2652 ’
364 2617 448 2684 Buta
465 2615 572 2703 ifjobb
597 2614 706 2700 utroty
731 2617 917 2699 meyerdrtti
947 2615 1042 2700 otw'o
1074 2613 1119 2678 ΙΙ.
1152 2614 1265 2680 Endon
1297 2615 1474 2698 udomdnydt

492 2723 607 2789 Tamdu
624 2722 733 2792 Comes
750 2722 872 2788 Mater
887 2721 1020 2788 ddnuuk
1030 2722 1076 2802 fio
1091 2726 1248 2788 rzdmdru.
1272 2724 1370 2787 1231.

471 2920 553 2986 Belu
569 2919 630 2986 Dei
656 2918 772 3002 grauia
798 2918 878 3001 Rex,
913 2915 1149 3002 primogenitus
1180 2918 1278 3002 Regis
1315 2915 1472 3000 Hungnrio,

363 3027 514 3099 omnibns
530 3031 714 3114 presentem
731 3025 888 3110 peginam
904 3021 1097 3110 inspeeturis
1115 3023 1252 3093 sulutem
1268 3025 1305 3092 in
1323 3019 1473 3092 uerosuiu·

365 3136 437 3202 turi.
455 3135 534 3201 Cum
552 3153 611 3220 per
626 3130 746 3198 Dinine
761 3131 989 3216 inspirationis
1006 3131 1150 3214 granium
1162 3133 1332 3202 uoluntate
1343 3141 1373 3198 et
1382 3134 1472 3198 auoto-

363 3243 459 3314 ritate
474 3242 577 3327 petris
593 3239 704 3327 nostri,
722 3248 756 3307 et
774 3247 898 3307 maturo
915 3238 1113 3325 Principium
1130 3249 1217 3307 terre
1227 3235 1473 3317 nostrsoomitio,

364 3355 513 3439 presente
529 3347 630 3416 tratre
647 3354 757 3415 nostro
774 3347 952 3414 Oolomeno
968 3347 1059 3432 Rege
1076 3355 1108 3414 et
1124 3349 1215 3416 Duoe
1231 3349 1335 3415 toeius
1360 3344 1471 3412 Seiano·

363 3456 417 3526 nie
433 3475 563 3526 oensem
581 3456 837 3541 perpetuitatem
854 3455 1097 3542 discuteremus,
1113 3456 1147 3522 in
1174 3454 1398 3539 detrimentum
1424 3449 1473 3515 Re·

364 3565 418 3650 gie
433 3562 560 3633 corone
576 3564 772 3632 donuoioneu
788 3571 947 3630 terrerum
979 3563 1083 3632 faetus
1116 3569 1324 3647 resonantem
1347 3557 1473 3626 Thomas

364 3671 527 3755 quondum
543 3672 657 3739 Bunuu
671 3671 835 3758 Muohnrej
855 3670 991 3739 Comitis
1007 3671 1105 3758 filius,
1122 3677 1278 3754 tunqnum
1298 3670 1348 3737 sir
1365 3665 1470 3734 desunt·

370 3787 424 3845 tns
440 3785 472 3845 et
488 3776 521 3844 iu
538 3784 703 3871 posterum
720 3799 911 3868 proterens,
927 3799 1026 3866 snper
1040 3777 1274 3846 hereditatibus
1290 3773 1427 3864 paternis
1447 3775 1473 3836 et

365 3884 600 3954 donationibus
614 3884 795 3972 Regulibus
811 3895 842 3952 ot
858 3885 954 3956 terris
981 3888 1087 3972 tytulo
1119 3885 1298 3971 empoionis
1331 3877 1471 3968 possesdt

364 4002 421 4062 aut
435 4015 493 4081 per
509 3994 707 4062 sententium
725 3996 843 4062 iustum
859 4013 1015 4080 processu
1042 3993 1169 4062 ordinis
1196 3991 1353 4078 judiearij
1384 3983 1470 4054 eidem

272 4157 279 4171 .
363 4099 571 4190 adiudicatis,
587 4102 682 4170 nobis
698 4101 872 4188 priuilegia
888 4101 1049 4190 exhibuit,
1064 4105 1245 4187 inquorum
1255 4105 1366 4168 tenore
1376 4093 1473 4162 merite

364 4228 497 4275 suerum
513 4207 677 4297 uirtutum,
693 4209 820 4278 seilicet
838 4208 1004 4280 fidelitatis
1019 4209 1187 4295 obsequio,
1213 4205 1335 4276 loboris
1351 4211 1382 4274 et
1395 4198 1472 4268 dolo·

364 4317 409 4382 ris
425 4315 637 4404 sustinentia,
654 4317 824 4384 uulnerum
842 4319 876 4385 in
891 4317 1004 4386 hostili
1020 4316 1159 4386 eonflioti
1174 4315 1323 4402 reoepoio
1340 4312 1372 4380 in
1395 4303 1470 4376 testi·

366 4423 510 4492 monium
525 4423 702 4504 fidentrtts,
719 4425 871 4510 saguinis
886 4425 1014 4514 effusio,
1031 4435 1063 4492 et
1088 4426 1153 4493 ulis
1185 4430 1261 4492 uota
1291 4419 1469 4508 probitatum
1536 4462 1540 4470 .

362 4551 495 4600 suarum
511 4531 658 4619 plenarie
674 4533 934 4602 continebantur.
974 4534 1043 4601 Nos
1060 4553 1139 4620 ergo
1154 4530 1387 4602 eommuniouto
1413 4520 1468 4587 irt-
