3116 5178
4 645 5 648 Ἴ
53 561 163 628 llilicie
193 563 321 648 Templi
352 563 515 646 sigillatas
532 563 766 648 supportaverit,
798 560 876 630 dane
914 569 946 628 ct
976 563 1188 647 consignare·

4 661 9 750 ζ
54 667 184 738 debeatis
214 668 304 736 omui
321 670 507 760 'occasione
521 678 659 736 remota.
678 668 773 748 Quod
790 669 818 736 si
834 669 954 736 dietam
972 677 1097 737 cartam
1115 691 1173 738 seu

4 839 5 842 ,
55 779 172 844 litteras
188 797 252 843 non
270 776 403 863 miserit,
434 775 559 844 dederit
591 785 625 847 et
639 777 891 862 consignaverit,
919 783 955 844 ut
971 776 1094 844 dictum
1112 788 1171 860 est,

4 873 6 962 ξ
55 891 121 952 tuuc
164 904 221 952 ros
269 891 509 968 procuratores
543 884 649 952 dictas
698 884 781 950 duas
829 890 995 952 cantuset
1028 886 1185 968 litteram·

4 1057 5 1068 ,
53 990 217 1074 predictam
229 991 274 1057 ad
286 991 488 1058 voluntatem
500 993 603 1058 nostri
613 992 716 1058 Ducis
729 994 822 1059 nobis
838 992 915 1060 dare
932 998 964 1059 et
980 993 1172 1078 consignare

4 1111 6 1190 ζ
56 1095 190 1164 debeatis
222 1100 312 1164 omni
343 1107 468 1166 remota
499 1101 678 1168 occasione.
710 1096 885 1166 Sciendum
919 1105 978 1184 est,
1018 1101 1104 1185 quod
1130 1098 1177 1166 ad

4 1191 6 1206 '
53 1204 131 1298 illum
157 1203 317 1271 Comitem
348 1204 452 1290 Vegle
484 1225 524 1272 ex
554 1207 696 1293 nomine,
713 1207 768 1291 qui
786 1206 848 1273 crit
874 1213 948 1272 tunc
963 1205 998 1271 in
1014 1207 1175 1291 regimine

4 1381 6 1404 ÷
54 1313 229 1402 Comitatus,
257 1311 377 1380 debent
408 1313 507 1382 scribi
537 1321 570 1380 et
601 1313 684 1380 mitti
707 1312 816 1381 littere
832 1315 1054 1400 suprascripte
1071 1316 1174 1382 nostri

4 1429 8 1504 ᾗ,
53 1419 144 1488 Ducis
159 1440 214 1505 pro
231 1421 463 1506 cognoscendo
474 1427 506 1487 et
523 1423 572 1490 ius
587 1419 740 1487 faciendo
756 1421 990 1506 suprascriptis
1015 1419 1168 1490 fratribus

4 1509 6 1590 ἑ
53 1527 168 1613 Templi
198 1535 231 1594 et
262 1529 459 1596 Munasterio
486 1527 598 1595 Sancti
630 1525 762 1610 Georgii
788 1526 828 1594 de
845 1527 995 1614 dampnis
1012 1527 1097 1595 datis
1115 1548 1189 1613 pen¹

55 1635 188 1702 homines
205 1635 333 1720 Beglie.

4 1735 5 1746 ³
148 1743 272 1810 Datum
296 1763 391 1832 *anuo
421 1741 554 1810 Domini
584 1742 759 1811 millesimo
786 1743 1007 1811 ducentesimo
1034 1744 1173 1828 quadra·

4 1849 7 1950 ξ
54 1851 165 1934 gesimo
175 1859 305 1934 octavo,
315 1847 369 1917 die
384 1851 486 1918 tercia
501 1850 642 1918 intrante
657 1870 768 1918 menae
785 1851 907 1917 madioi
924 1850 1100 1918 indictione
1115 1853 1174 1922 vl.

4 1957 7 2000 l

4 2015 7 2144 Ξ
56 2047 174 2112 (Irjubicu
193 2047 380 2100 Monumenta
409 2049 566 2112 spectantia
593 2048 742 2100 historiam
771 2049 918 2100 slavorum
945 2049 1186 2102 natumnatum..

501 2139 523 2189 1.
542 2137 602 2188 lubt.
623 2142 664 2188 78.
686 2139 716 2201 l.)

477 2423 745 2433 m

4 3107 6 3258 ξ
57 3151 434 3239 Azptuibdptataanak
460 3158 727 3246 biaoapadpleoele
753 3185 773 3225 a
804 3159 904 3225 Nelea
929 3182 1025 3227 eomes
1051 3164 1083 3227 dc
1113 3161 1191 3229 Jolp

4 3261 6 3276 ¹
244 3262 469 3346 Pctuaualcfia
484 3265 571 3330 kdatc'
585 3266 837 3333 dirtokccerdrdt.
872 3267 967 3335 1248.

352 3458 382 3522 Α
598 3460 626 3526 Β
844 3460 868 3528 O

152 3562 333 3631 Farcasius
365 3563 749 3652 Quinque-Ecclesiensis
783 3569 969 3656 Prepesitus
1009 3577 1188 3657 totumque·

60 3665 189 3736 eiusdem
206 3669 271 3737 loci
289 3669 476 3756 Capitulum
493 3673 642 3740 omnibus
659 3693 789 3762 presens
801 3675 956 3760 scriptum
967 3681 1177 3748 cernentibus

4 3847 7 3866 *y
61 3773 183 3844 salutem
200 3781 235 3845 in
251 3778 400 3848 Domino.
420 3779 596 3848 Constituti
606 3784 640 3850 in
651 3787 762 3849 nostra
773 3784 944 3868 presencia
953 3785 1051 3853 Noua
1062 3787 1177 3856 Comes

4 3871 6 3954 l
60 3878 134 3949 filius
148 3885 258 3956 Pensa
273 3905 313 3952 ex
328 3905 396 3953 una
411 3895 514 3974 parte,
531 3896 563 3956 et
579 3889 642 3956 Job
658 3888 744 3956 filius
762 3892 862 3958 Petue
880 3913 920 3960 ex
937 3894 1013 3978 alia,
1032 3893 1177 3964 confessi

61 3995 133 4075 suut,
149 3993 262 4076 quud'
253 3995 317 4079 ipsi
333 3997 642 4082 noluntatepropria
653 4003 824 4064 etsuorum
835 3998 876 4066 de
887 4019 1046 4067 consensu
1058 4021 1177 4085 cogna·
1187 4045 1189 4048 -

4 4085 10 4184 t
61 4101 149 4162 torum
152 4119 276 4186 ,super
291 4101 485 4186 quibusdam
502 4103 636 4190 predijs,
656 4125 718 4189 que
734 4107 796 4190 ipsi
812 4106 882 4174 iure
894 4107 1092 4176 hereditario
1105 4129 1175 4196 pos·
1192 4091 1196 4096 ⁵

63 4199 210 4294 sidebant,
227 4208 446 4278 concambium
463 4209 632 4278 lecerunt'
624 4234 657 4277 rn
674 4212 759 4278 hunc
776 4213 924 4280 modum:
935 4213 1086 4291 Quintam
1103 4238 1177 4302 par·

4 4391 6 4402 y
4 4297 118 4375 *tem
133 4315 316 4396 prediorum
333 4317 456 4403 Cheley
474 4325 506 4385 et
537 4319 709 4386 Schelrchn
741 4321 881 4408 nomine,
914 4343 976 4406 que
1007 4325 1072 4391 sita
1102 4332 1178 4392 sunt

4 4367 6 4540 l
64 4411 143 4483 iuxta
159 4421 369 4490 Danubium
359 4445 394 4490 rn
420 4425 580 4493 comitatu
605 4426 647 4493 de
677 4427 817 4516 Bouana,
850 4449 914 4512 que
945 4431 1178 4515 contingebant

4 4521 156 4592 ilium
170 4528 269 4598 Petne
286 4529 496 4600 nomi'eeJob
523 4541 609 4602 ut)
589 4536 720 4621 propria
752 4543 784 4603 et
816 4535 1024 4628 hereditaria,
1055 4542 1179 4623 recepit

4 4625 149 4699 Nana
164 4632 293 4726 (lomes3
319 4639 423 4708 eidem
440 4640 504 4709 Job
520 4643 688 4710 uiceuersa
704 4641 1032 4731 conferensquintam
1051 4651 1188 4733 partem.
