3160 5208
601 971 673 1038 136.

12 1199 13 1202 ¹
78 1171 115 1234 ll.
143 1169 250 1234 mure
281 1171 394 1257 kirrily
416 1195 438 1235 a
460 1171 611 1237 uelenczei
649 1171 925 1258 ktictrirececiplrcc,
948 1171 1032 1254 ltopy
1057 1177 1076 1234 ὅ
1101 1170 1207 1236 celea-

12 1303 14 1308 ¹
81 1276 135 1342 ceci
156 1278 411 1344 tereskedckoet
435 1279 762 1366 Mayycrcrczdpbaa
787 1279 902 1342 timeat
927 1274 1202 1344 kiruboltuatcera

361 1389 452 1452 acccc
467 1387 659 1473 viceprilotot
672 1385 797 1451 readelt.
816 1384 910 1452 1227.

12 1669 13 1672 Ἴ
177 1579 449 1647 Recordatiouern
482 1579 622 1650 iacimus
647 1599 719 1648 cnm
744 1585 858 1650 nostro
873 1579 1030 1661 Consilio,
1048 1581 1127 1666 quia
1142 1581 1200 1647 IX.

12 1685 14 1762 i
82 1686 126 1752 die
157 1688 298 1754 intrante
330 1687 517 1774 Februario,
549 1687 728 1756 indictione
761 1687 834 1756 XV.
871 1707 912 1756 ex
943 1691 1035 1773 parte
1077 1685 1203 1754 domini

12 1789 14 1866 i
82 1791 236 1880 A(ndree)
269 1793 418 1878 Ungarie
449 1795 552 1879 Regis
584 1797 710 1862 litteras
741 1792 887 1863 inclusas
903 1794 965 1863 snb
980 1813 1077 1862 cereo
1092 1791 1200 1877 sigillo

86 1902 220 1972 eiusdem
252 1901 379 1970 domini
404 1903 516 1990 Regis,
547 1901 684 1971 habenti
714 1901 852 1988 figuram
869 1901 972 1987 ipsius
1004 1900 1151 1986 regalem
1167 1901 1203 1968 in

85 2008 208 2076 catedra
216 2009 399 2096 sedentem,
410 2011 505 2078 nobie
514 2010 754 2096 representavit
764 2009 900 2078 nuntius
910 2008 1057 2094 qnidam,
1066 2027 1203 2092 quarum

86 2125 166 2182 tenor
181 2137 239 2203 per
254 2117 368 2184 omnia
383 2117 434 2184 sic
449 2124 519 2185 est:
544 2117 676 2186 Dilecto
702 2125 734 2184 at
749 2116 889 2204 speciali
918 2115 1101 2184 amicosne
1127 2165 1135 2182 .
1160 2163 1167 2180 .
1192 2163 1201 2179 .

86 2216 137 2289 Dei
153 2226 260 2309 gratia
277 2223 405 2292 Illustri
417 2225 491 2292 duci
502 2225 730 2308 veneciarum,
745 2227 784 2294 A.
801 2221 914 2292 eadem
931 2223 1041 2307 gratia
1056 2223 1203 2307 Ungarie

84 2331 151 2411 lien,
182 2333 324 2398 salutem
355 2352 453 2415 quam
472 2334 546 2420 sibi,
563 2351 635 2401 cnm
652 2351 778 2402 summa
804 2331 988 2399 dilectionis
1006 2328 1202 2398 constantia.

84 2437 187 2505 vestre
202 2439 430 2525 significamus
441 2439 617 2520 dilectioni,
635 2439 723 2524 quod
732 2438 933 2508 ablationem
957 2455 1065 2506 rernm
1081 2455 1204 2505 merca·

88 2549 179 2610 torum
194 2556 379 2614 vestrorum
397 2547 431 2614 in
442 2553 654 2615 nostraterra
664 2547 783 2613 iactam
795 2551 930 2613 actenus
940 2563 1001 2612 noe
1011 2543 1208 2628 ignoramus.

86 2650 168 2720 Unde
184 2654 379 2721 mandamns
394 2653 591 2739 perfidelem
608 2661 754 2722 nostrum
774 2651 996 2720 venerabilem
1006 2651 1204 2740 Episcopum

87 2754 288 2830 (lauriensem
304 2761 397 2828 nobis
412 2761 497 2848 illos,
514 2782 573 2847 per
588 2781 671 2845 quos
687 2761 831 2846 dampna
856 2759 953 2827 dictis
978 2768 1054 2826 sunt
1081 2779 1201 2828 merea·

86 2868 195 2936 mulus
210 2869 320 2954 illata,
337 2869 465 2954 plenius
480 2869 648 2955 intimetis,
665 2873 697 2936 et
712 2870 803 2954 ipsos
819 2866 949 2936 eosdem
977 2867 1134 2952 spoliatos
1161 2867 1205 2934 ad

87 2991 136 3039 nus
151 2974 393 3062 transmittatis,
422 2978 540 3059 quibus
558 2977 687 3061 plenam
705 2975 906 3044 exibebimns
926 2975 1207 3060 satisfactionem

88 3097 137 3145 nec
147 3082 345 3150 rosinterim
358 3083 498 3166 aliquem
515 3083 556 3150 de
567 3084 689 3152 nostrie
699 3102 797 3168 super
812 3081 1010 3169 spoliatione
1026 3086 1208 3150 vestrorum

14 3257 16 3276 K
88 3189 182 3259 uelitis
197 3195 386 3262 molestare.

15 3369 17 3384 ³
87 3381 198 3448 (Ljubics
217 3391 403 3440 Monumenta
422 3390 581 3452 spectantia
600 3390 749 3440 historiam
769 3389 916 3441 Slavorunn
936 3389 1034 3439 Meriti.
1068 3387 1090 3436 1.
1117 3387 1209 3436 klitet.

577 3483 619 3528 41.
640 3481 707 3542 lap.)

508 3763 777 3775 -—--—--.-.-
