3160 5208
555 401 715 412 ——-.

18 287 25 406 l·
492 307 494 312 ·
606 315 733 380 141-

18 479 20 566 i
76 512 227 596 jubemus,
244 509 303 575 tuli
320 499 474 577 videlicet
490 509 610 578 modu:
638 509 733 588 Quod
752 508 918 592 [quidquid
944 507 1130 576 offensionis
1157 529 1213 576 en.
1309 503 1313 510 ’

83 626 206 703 utruque
221 617 383 686 hactenus
399 617 516 702 extitit,
531 636 573 684 ex
597 623 666 684 tute
697 617 827 702 penitus
858 615 1058 702 remittatur3
1092 624 1201 701 preter

18 729 19 732 ’
81 725 158 809 quod
173 724 321 792 homines
338 725 378 790 de
394 724 544 793 Sibenicu
571 723 663 792 vobis
690 724 819 817 dominc
843 723 954 791 Marco
984 723 1200 810 Mastrcpetre

83 841 111 900 et
124 839 224 900 vestre
240 831 476 899 (lommuniteti
492 832 633 900 Arbensi
649 832 725 899 hine
741 831 783 897 ad
798 829 915 902 festum
926 833 1101 900 Beutorum
1111 832 1198 918 Apo·

82 941 223 1008 stolorum
240 939 330 1006 Petri
346 949 379 1007 et
397 939 492 1006 Pauli
517 921 669 1026 primitus
694 947 867 1009 venturum
883 981 927 992 -
947 979 984 988 -
1004 977 1048 989 -
1066 977 1107 988 -
1126 961 1198 1009 een·

79 1055 137 1114 tun
154 1065 308 1132 perperos
325 1067 445 1114 aurens
462 1048 566 1116 bonos
579 1048 661 1136 justi
678 1047 830 1135 ponderis
847 1069 906 1133 pro
924 1047 1045 1114 damno
1057 1049 1100 1114 ab
1116 1047 1197 1133 ipsis

81 1155 163 1220 rubis
177 1153 265 1222 tacto
283 1155 365 1220 dare
381 1162 565 1222 teneantur.
590 1157 682 1236 Ques
698 1159 726 1224 si
743 1157 777 1224 iu
794 1154 932 1224 termino
949 1155 1128 1242 prescripto
1145 1175 1213 1222 vo·-

78 1262 124 1329 bis
138 1261 262 1330 soluere
280 1282 347 1328 non
364 1263 551 1329 curauerint
568 1271 627 1329 ete.

282 1460 416 1524 (Parieti,
436 1464 584 1528 Illyricum
604 1463 720 1515 Sacrum
738 1465 772 1514 V.
792 1467 850 1516 ket.
872 1469 932 1516 239.
952 1465 982 1526 l.)

499 1747 768 1760 ψ

18 2493 20 2562 l
82 2477 589 2568 ll.1lndrekirely0roezneee
617 2487 710 2566 stete,
733 2507 755 2547 n
780 2496 866 2549 secret
890 2484 1001 2568 kirtly
1018 2482 1207 2570 jobbdyyais

18 2589 20 2598 '
139 2591 289 2674 ewadddl,
305 2591 489 2658 einokuvat
505 2601 614 2681 cyydtt
629 2595 750 2659 nemesi
764 2614 887 2677 runyra
903 2592 1001 2658 euti.
1033 2593 1131 2657 1217.

18 2601 21 2754 l

18 2803 20 2896 ι

175 2783 212 2853 lu
229 2785 363 2855 nomine
379 2787 501 2854 Sancte
517 2785 691 2855 Trinitatis
708 2794 741 2854 et
763 2785 938 2854 Indiuidua
971 2783 1120 2854 Unitatis.
1158 2785 1198 2853 A.

84 2895 134 2961 Dei
148 2895 257 2978 gracia
275 2895 454 2981 Huugarle,
471 2895 651 2980 Dalmacic,
667 2893 814 2981 (troanie,
831 2895 944 2978 Reme,
962 2893 1111 2980 Gallicie
1138 2892 1214 2963 Lov-

86 3004 276 3088 dcnerieque
293 3006 360 3069 Rex
376 3001 411 3068 in
428 3007 631 3087 perpetuum.
656 3001 750 3068 Licet
764 3000 808 3067 ad
824 3001 942 3068 salutis
959 3009 991 3067 et
1007 3002 1199 3088 temporalis

18 3121 20 3204 ξ
86 3113 140 3180 uite
154 3116 344 3198 prouentum
359 3108 461 3192 Regie
480 3110 664 3194 'plurimum
680 3108 849 3194 expeditat
874 3107 1057 3195 Serenitati,
1091 3111 1211 3177 uuius-v

86 3221 222 3305 cuiusque
238 3219 455 3287 seruiciorum
482 3203 598 3283 merita
626 3217 964 3304 recompensacionem
996 3217 1198 3302 gratitudine

18 3305 26 3415 ι,
86 3326 276 3410 frequentare
291 3325 443 3406 benigno,
461 3342 525 3407 quo
557 3325 660 3411 decet,
685 3323 801 3393 fauore
839 3327 1041 3414 Magnetum,
1066 3347 1212 3410 quorum¹

18 3427 20 3464 ³
87 3435 241 3502 uirtutibus
257 3433 381 3520 pariter
396 3439 428 3498 et
443 3431 589 3518 censilijs
606 3430 731 3499 Ocrone
746 3432 916 3518 Regnique
935 3441 1041 3502 status
1066 3435 1198 3502 fulcitur

18 3527 19 3608 J
86 3541 268 3628 inconcusse,
287 3541 466 3624 peticiones
484 3539 602 3606 effectu
618 3539 720 3624 digne
739 3543 1002 3626 manticipandar
1017 3541 1198 3610 admittere.

18 3633 20 3680 ³
87 3650 157 3717 llinc
172 3661 218 3718 est
234 3650 355 3733 utique,
374 3647 459 3731 quod
477 3667 536 3714 nus
554 3648 656 3714 nestri
672 3646 778 3715 fidelis
796 3651 896 3717 Wruz
907 3648 1099 3737 jobagieuis
1117 3651 1198 3718 San·

18 3771 19 3802 ³
87 3757 121 3822 cti
133 3758 225 3842 Regis
244 3757 286 3823 de
302 3755 385 3821 Zela
401 3755 575 3822 seruicium
591 3754 684 3821 nobis
700 3757 734 3822 in
751 3757 895 3823 aduentu
906 3767 1017 3824 nostre
1026 3758 1199 3826 karissime

18 3879 19 3884 ’
88 3866 215 3948 coniugis
232 3865 335 3930 Ynles
350 3862 492 3930 fideliter
508 3862 680 3947 inpensum
698 3873 942 3953 cognoscentes,
961 3875 993 3932 et
1008 3886 1107 3953 opera
1123 3888 1196 3953 pro·

18 3991 20 4056 3
89 3972 191 4062 nitatis,
207 3973 323 4059 quein
341 3973 454 4039 multis
469 3973 574 4057 Regni
590 3972 737 4057 negceijs
753 3973 952 4042 excellenter
975 3983 1042 4042 tum
1073 3977 1106 4043 iu
1138 3978 1200 4044 Re·

18 4105 20 4114 ·
90 4099 142 4160 gne
155 4103 249 4166 quarn
266 4087 360 4148 extra
376 4081 532 4164 Regnum,
550 4081 739 4165 specialiter
755 4100 817 4164 que
843 4082 935 4148 iuxta
967 4091 1106 4150 castrum
1138 4085 1199 4152 Bc·

18 4205 21 4238 r
91 4189 173 4255 ronch
184 4211 256 4258 cum
272 4189 376 4257 nobili
393 4194 558 4274 apparatu
575 4188 711 4254 militari
727 4189 880 4275 exercuit,
905 4190 1092 4277 recolentes,
1119 4194 1200 4278 peti·

18 4281 19 4348 ἑ
91 4294 167 4365 ciuue
179 4298 282 4384 ipsius
299 4297 437 4382 propria
453 4301 486 4362 et
501 4295 613 4380 digna,
630 4315 788 4364 censensu
805 4298 994 4381 Magnetum
1011 4297 1113 4380 Regni
1141 4319 1199 4368 nn·

18 4441 19 4460 2
92 4405 147 4488 stri,
170 4406 270 4490 ipsum
303 4423 375 4470 cum
407 4404 511 4471 tribus
543 4403 696 4472 fratribus
729 4404 874 4491 uterinis,
906 4406 1036 4493 llogus,·
1064 4404 1197 4495 Corma,

93 4509 211 4596 (luepsa,
228 4519 261 4578 et
277 4531 348 4578 curn
366 4511 528 4578 uniuersis
545 4513 717 4581 heredibus
735 4513 837 4598 ipsius
853 4520 885 4579 et
901 4513 1038 4580 fratrum
1064 4535 1195 4586 suerum

94 4612 193 4686 luditis
208 4628 240 4686 et
256 4620 422 4704 habendis,
440 4619 706 4704 ajebagieuibus
738 4621 848 4688 Sancti
879 4621 980 4707 Regis
1011 4623 1052 4688 de
1084 4625 1214 4694 Castro·
