3116 5186
810 317 969 425 gee—

330 512 505 602 Ragusinis
538 512 584 585 irc
603 513 645 586 ad
677 521 884 588 mercandum
902 541 923 586 o
940 519 1025 588 culfo
1043 507 1173 586 Conanti
1205 503 1297 589 iniruss
1314 517 1349 584 lu
1375 505 1441 585 aliis
1546 607 1547 610 Ἴ

332 646 408 694 vero
425 627 574 712 partibus
591 629 698 694 vetitis
714 649 771 712 per
782 625 945 697 dominum
956 632 1077 696 Ducem
1094 628 1307 698 Vcneoiarum
1323 631 1368 695 ire
1384 648 1441 696 non
1545 619 1547 666 ³

221 773 223 784 ,
331 735 471 802 debeant
502 731 662 822 Regusini
693 737 755 803 nisi
787 735 964 804 seeundum
996 735 1083 821 quod
1114 737 1250 804 iecerint
1265 735 1388 803 Veneti.
1407 734 1443 801 ln

325 841 475 909 Veneeiis
507 862 583 910 vero
614 864 678 910 non
710 843 829 911 debent
860 845 968 911 lacere
985 845 1143 927 Rugusini
1174 853 1349 911 mercatum
1375 861 1443 907 cum
1546 861 1547 922 j

322 948 505 1020 foristeriis.
523 953 564 1019 llt
581 952 641 1020 hcc
667 953 841 1021 concordia
866 959 897 1020 et
914 959 1044 1037 pactum
1069 952 1184 1020 amodo
1201 970 1303 1034 usque
1319 952 1363 1017 ad
1379 956 1440 1019 tres
1546 927 1547 990 7

324 1077 428 1126 annos
444 1059 591 1144 expletos
604 1051 768 1127 firmatum
785 1067 834 1127 est
849 1060 933 1127 etab
945 1067 1082 1144 utraque
1101 1066 1193 1144 parte
1209 1058 1305 1126 debet
1319 1057 1443 1123 firmiter

324 1165 498 1252 observari,
515 1173 547 1234 et
563 1172 688 1234 tantum
705 1168 780 1255 plus
796 1174 952 1252 qnantum
969 1169 1128 1251 placuerit
1142 1167 1273 1234 domino
1289 1165 1373 1233 Duci
1387 1164 1441 1230 Ve·
1544 1151 1547 1258 ]

325 1275 499 1342 neoiarnm.
517 1276 655 1361 Insuper
670 1296 729 1342 nos
745 1275 893 1344 iamdicti
908 1276 1043 1343 Binzola
1059 1275 1201 1342 Bobaeie
1218 1273 1437 1368 etVGervasius
1545 1305 1547 1312 r

322 1379 493 1470 Nalmerii,
509 1383 614 1448 nuntii
641 1392 672 1451 et
702 1391 928 1469 procuratores
960 1383 1109 1450 Ciuitatis
1140 1382 1286 1468 liugusii,
1304 1400 1363 1465 per
1387 1399 1440 1446 nos

322 1497 355 1556 et
370 1490 490 1557 dictum
506 1489 682 1558 Commune
691 1491 828 1575 Rugusii
838 1493 982 1558 iuramus
992 1489 1035 1556 ad
1051 1491 1172 1557 Sancta
1188 1489 1251 1556 Dei
1267 1488 1442 1571 Evangelia
1545 1483 1547 1560 ἶ

242 1669 243 1672 ,
322 1617 420 1685 snpra
450 1596 578 1680 animas
608 1607 739 1666 nostras
772 1607 804 1666 ct
836 1599 977 1666 omnium
1008 1599 1172 1665 homin'um
1206 1593 1341 1681 Ragnsii
1365 1597 1442 1661 hano

218 1705 219 1708 ’
322 1708 527 1775 concordiam
558 1715 590 1776 et
620 1715 761 1798 pactum,
793 1715 828 1775 ut
859 1709 979 1775 dictum
1012 1715 1061 1775 est
1076 1707 1235 1793 superius,
1269 1708 1395 1772 firmum
1410 1711 1437 1768 et

322 1821 427 1885 ratum
443 1817 574 1902 habere,
591 1825 623 1883 et
639 1816 727 1883 nullo
745 1816 838 1884 modo
856 1817 1086 1885 contravenire.
1104 1815 1141 1880 ln
1159 1817 1255 1882 huius
1270 1823 1379 1880 autem
1401 1811 1441 1877 rei

321 1924 549 2006 testimonium,
560 1931 592 1992 et
609 1931 643 1991 ut
658 1925 717 1991 hec
734 1923 839 2010 magis
849 1926 946 1991 robur
962 1923 1107 2009 optineat
1122 1921 1297 2007 firmitatis,
1317 1939 1441 2007 presens

320 2037 451 2115 pactum
484 2038 518 2098 et
548 2031 755 2100 concordiam
785 2033 881 2099 iussit
911 2032 1084 2099 iamdictus
1116 2030 1267 2096 dominus
1292 2029 1371 2095 Dux
1395 2025 1440 2092 sui

250 2137 254 2146 “
320 2139 422 2224 sigilli
439 2139 615 2206 munimine
629 2141 785 2207 roborari.
801 2141 923 2207 Datum
940 2139 1090 2206 Veneoils
1107 2139 1139 2204 in
1156 2137 1281 2223 palutio
1301 2137 1441 2202 Ducatus

319 2266 376 2331 per
406 2267 538 2314 manum
570 2247 732 2316 Gabrielis
764 2247 912 2315 Scriboni
929 2248 1082 2331 Uaccius,
1116 2247 1191 2314 aule
1230 2245 1441 2312 veneciarum
1545 2293 1547 2306 .

319 2355 442 2423 Seribe.

320 2553 419 2618 (Engsl
437 2554 525 2606 denos
544 2555 716 2621 Keresztely,
736 2555 905 2608 Geschiohte
933 2557 981 2608 des
1010 2554 1192 2620 Preystaates
1224 2553 1348 2621 Ragusn,
1379 2551 1441 2602 Beue

320 2648 398 2696 1807.
418 2649 477 2696 289.
498 2648 515 2696 l.
535 2647 658 2712 Ip'ubics,
677 2647 805 2700 Menum.
824 2653 909 2711 spect.
930 2648 998 2698 hist.
1018 2645 1092 2696 Slav.
1111 2645 1212 2720 Merid.
1238 2645 1259 2695 Ι.
1279 2645 1341 2694 ket.
1361 2647 1402 2692 48.
1421 2643 1438 2690 l.

318 2735 343 2784 A
361 2735 491 2802 belgradi
504 2737 587 2790 tudda
607 2737 734 2803 tarsasag
753 2737 972 2803 Glasznikjetban
990 2737 1051 2788 XV.
1079 2737 1136 2786 ket.
1172 2740 1229 2785 198.
1250 2735 1268 2783 l.
1300 2734 1383 2785 Tafel
1411 2733 1437 2781 ds

319 2824 448 2888 Thomas,
468 2827 622 2878 Urlsunden
640 2841 692 2878 zur
710 2829 818 2878 dltcren
849 2825 984 2877 Handels·
1017 2826 1074 2876 und
1105 2824 1363 2888 Staatsgeschichte
1393 2821 1438 2872 der

514 2893 666 2980 'Republik
685 2916 904 2982 Venedig,13ees
926 2919 1003 2966 rste.
1023 2913 1060 2965 11.
1080 2914 1138 2964 nco.
1159 2915 1231 2977 sor.)

744 3201 1009 3212 ——--—-—--

845 3777 917 3845 lto.

316 3967 358 4038 ll.
374 3973 485 4038 Endrc
500 3975 676 4059 kirdlpock
694 3975 810 4042 Statue
826 3984 908 4042 vueod
923 3975 1076 4063 heipadpct
1094 3980 1246 4063 tdrppazd
1256 3977 1434 4060 cdonra‘npu
1545 3995 1547 4000 ·

528 4083 626 4149 Nduu
642 4083 771 4168 lioolpi
778 4083 928 4167 sdloodaz
944 4089 1099 4150 aedmdra.
1122 4086 1217 4149 1233.
1546 4089 1547 4124 ³

420 4275 458 4342 In
488 4277 618 4344 nominc
635 4277 752 4344 Sancte
771 4277 943 4346 Trinitatis
960 4287 993 4344 et
1007 4279 1179 4346 Indiuidne
1198 4279 1350 4345 Vultutis.
1377 4281 1437 4344 Au·
1545 4293 1547 4354 ξ

314 4381 410 4450 decas
428 4387 491 4452 Del
509 4387 620 4470 groela
638 4387 789 4474 Vngarie,
809 4388 984 4471 Damocle,
1001 4387 1192 4472 Crulrachie,
1224 4389 1333 4467 Reme,
1368 4388 1436 4452 Ser·
1545 4375 1547 4460 j

314 4493 374 4574 uie,
394 4495 518 4560 Galieie
537 4496 873 4581 Lodomeriequellcx
892 4497 924 4560 in
956 4505 1156 4582 perpetuum.
1197 4495 1435 4579 Circumspeeln

315 4601 438 4684 Regum
456 4601 631 4685 dapsilitas
647 4603 722 4672 lieet
739 4604 781 4670 ad
797 4612 890 4671 notos
909 4615 940 4672 et
958 4605 1138 4688 incognitos
1156 4604 1339 4690 oppiniouis
1354 4603 1435 4675 bone
1545 4597 1547 4626 ²
