3160 5208
583 287 746 389 *rer*

11 503 15 560 ζ
119 485 287 566 ceterisque
303 483 481 551 comitibus
498 483 678 552 Comitatus
694 487 887 570 tenentibus,
903 486 1007 570 Regni
1024 485 1129 554 nostri
1144 505 1237 554 anuo

11 607 13 668 ε
115 588 336 658 terciodecimo.

11 809 13 836 r
114 792 242 849 (Eredetie
259 792 444 856 bdrhdrtydn,
464 807 481 843 a
500 792 638 856 lubia-fejer
658 793 899 857 selyemzsinbrou
926 794 1012 858 tiiggd
1041 793 1138 856 pecstt
1156 794 1233 844 eivs·

11 873 12 878 ¹
330 886 420 945 szett;
440 895 456 931 s
475 882 561 932 budai
579 883 634 932 kir.
654 882 784 932 kamarai
803 881 1001 945 teveltaroan.)

533 1163 801 1174 ———.-.---..

640 1700 694 1766 at.

108 1891 151 1955 Il.
167 1892 279 1956 Endre
294 1895 404 1980 kc'rdly
421 1895 587 1962 Paulinae
603 1899 636 1960 c‘a
652 1899 759 1964 Jacob
775 1899 976 1964 commulcet-
998 1899 1125 1965 Tcerdca
1148 1903 1233 1986 bety-

110 2001 202 2083 stpitlc
211 1997 356 2086 feje'beo,
385 2003 497 2087 mclyct
513 2028 552 2068 oz
568 2008 758 2086 eaeterpami
775 2007 960 2092 cqybdzrtolc
976 2009 1234 2093 adomdnyosctt,

209 2107 323 2172 Burin
339 2113 419 2175 nect
427 2109 509 2194 f'o'ld
524 2111 762 2196 odomclnydoal
777 2112 1011 2198 ledrtalom‘tja.
1027 2116 1125 2182 1217.

212 2302 251 2402 In
294 2303 423 2368 nomine
464 2304 582 2371 Sancte
613 2304 781 2372 Trinitatis
814 2313 845 2372 et
875 2305 1045 2374 Individue
1084 2307 1238 2376 Unitatis.

108 2406 252 2473 Andreas
270 2409 334 2472 Dei
346 2408 624 2494 graciassUngarie,
636 2411 815 2498 Dalmacic,
828 2410 972 2498 Oroaeie,
984 2415 1096 2502 Rame,
1108 2414 1235 2499 Servie,

112 2513 256 2600 Gallicie,
274 2515 530 2600 Lodomerieque
545 2519 614 2584 Rex
633 2518 665 2584 iu
677 2528 876 2604 perpetuum.
903 2520 981 2587 Cum
998 2540 1047 2604 ea,
1063 2543 1125 2606 que
1141 2527 1235 2591 bono

111 2639 174 2687 rum
186 2621 428 2690 deliberacione
439 2623 587 2708 legitime
603 2625 827 2711 disponuntur,
845 2631 877 2692 et
895 2627 1035 2694 maxime
1051 2648 1115 2713 que
1130 2630 1236 2716 Regia

110 2736 287 2811 pertractat
303 2730 492 2813 auctoritas,
517 2730 611 2797 salva
635 2751 761 2818 semper
776 2740 809 2800 et
834 2733 1029 2802 inconcussa
1045 2755 1236 2821 permanere

111 2832 255 2902 debeant.
303 2836 355 2901 Ad
395 2836 614 2904 universorum
641 2839 842 2923 presencium
888 2848 987 2925 atquc
1032 2849 1233 2931 posterorum

111 2942 258 3008 noticiam
294 2945 474 3010 clarescere
507 2945 674 3012 volumus:
707 2967 766 3014 nos
791 2947 823 3014 in
839 2948 1129 3015 commutacionem
1154 2949 1236 3016 ville

22 3072 27 3081 ·
112 3049 242 3135 Turdos,
280 3071 378 3134 quam
411 3051 529 3118 nostris
560 3051 710 3119 fidelibus
741 3053 878 3120 Paulino
906 3055 1023 3122 (lomiti
1049 3066 1081 3123 et
1111 3058 1236 3126 Jacobo

112 3155 315 3239 dederamus,
356 3164 390 3224 et
430 3159 634 3242 postmodum
681 3161 801 3228 Sancte
835 3163 1048 3247 Strigonieusi
1088 3164 1237 3232 Ecclesia
1295 3249 1296 3253 Ἰ

116 3267 317 3349 contulimus,
350 3273 468 3331 terram
501 3266 578 3332 ville
593 3267 704 3352 Burin,
737 3268 857 3351 qncad
882 3270 1030 3338 Castrum
1047 3268 1238 3338 Posoniensi

116 3372 199 3458 prius
227 3373 425 3460 pertinebat,
453 3375 595 3458 exeeptis
631 3375 861 3462 castrensibus,
898 3386 1073 3445 memorato
1098 3378 1237 3447 Paulino

112 3476 276 3547 coniciet
303 3481 426 3547 Jacobo
443 3489 476 3548 ct
507 3501 615 3549 eorum
641 3482 825 3568 heredibus,
858 3504 914 3570 per
939 3493 1083 3552 nostrum
1108 3485 1236 3553 fidelem

112 3585 320 3673 lampertum
353 3588 453 3654 filiurn
487 3588 643 3673 Omodey,
676 3589 710 3654 in
742 3598 932 3675 perpetuum
964 3595 1161 3678 contulisse;
1189 3597 1237 3662 ita

113 3694 286 3763 videlicet:
319 3704 354 3762 ut
385 3695 469 3764 sicut
509 3695 743 3781 strigoniensis
784 3698 932 3765 Ecclesia
963 3699 1075 3766 villam
1107 3703 1237 3770 Turdcs

113 3802 342 3872 iurisdiccione
354 3809 510 3888 perpetua
521 3804 665 3890 suscepit
675 3804 916 3893 possidendam,
933 3807 1136 3876 eodemiuris
1153 3809 1237 3876 ordi·

114 3928 151 3974 ne
172 3911 335 3997 sepedicti
353 3910 510 3978 Paulinus
527 3910 640 3978 Comes
657 3921 689 3980 et
706 3910 847 3980 Jacobus
865 3913 965 3980 frater
995 3914 1064 3980 eius
1080 3923 1113 3981 et
1130 3935 1239 3983 eorum

115 4038 330 4103 successores,
343 4027 508 4103 tamquam
517 4040 578 4088 sua
591 4021 786 4106 patrimonia
796 4020 986 4106 possideant
999 4025 1032 4089 in
1048 4030 1237 4108 perpetuum

114 4129 178 4197 siue
194 4127 476 4214 condradictione,
507 4131 567 4196 sub
599 4128 721 4196 eisdem
751 4131 846 4195 metis
878 4136 910 4196 et
941 4129 1100 4212 terminis,
1123 4131 1238 4214 quibus

116 4258 254 4323 unquam
288 4236 434 4321 plenarie
464 4255 523 4302 nec
552 4255 616 4302 non
648 4235 782 4320 pacifice
798 4236 862 4302 iam
896 4235 1016 4303 dictum
1041 4238 1239 4306 Posouieuse

115 4343 262 4413 Castrum
297 4342 498 4428 possidebat.
531 4342 628 4411 Cuius
661 4351 745 4432 mete
785 4343 1034 4412 conterminales
1065 4352 1141 4412 sunt
1171 4344 1237 4412 hii:

114 4471 222 4519 versus
233 4451 391 4519 orientem
402 4450 542 4536 populus
552 4449 740 4518 monasterii
749 4449 999 4518 Sanctillartini
1009 4452 1050 4519 de
1060 4450 1239 4537 Pannonis,

115 4559 153 4626 de
167 4561 258 4646 Sala,
282 4559 359 4626 hinc
390 4557 592 4643 procedendo
623 4563 875 4628 conterminatnr
890 4559 968 4626 ville
983 4559 1136 4645 Zemere;
1162 4559 1241 4628 binc
