3228 5198
655 1745 684 1812 l.

3 1899 4 1964 Ῐ
96 1921 194 1990 Saeuo
234 1926 349 1990 latoria
380 1925 445 1989 eled
474 1947 614 2012 mappar-
645 1922 755 2010 kirdly
792 1927 824 1994 e's
861 1949 899 1991 aa
929 1929 1044 2013 mancip
1075 1926 1236 2012 ulkotdjd·

3 2101 5 2104 ,
96 2035 161 2096 nuk
200 2033 393 2119 leyeaddja,
441 2033 521 2098 mint
545 2031 783 2118 fb'y'oatossdpd
817 2033 1049 2119 enomybeztsi
1080 2034 1233 2118 obmuay.

547 2135 781 2206 1000-1038.

3 2405 6 2432 ,
204 2333 363 2400 Nicotaus
381 2334 566 2419 Propositus
582 2339 616 2401 ct
631 2331 818 2417 Capitulum
835 2331 982 2400 Ecclesie
994 2331 1228 2418 strigoniensis

6 2489 11 2499 .
98 2442 247 2509 omnibns
265 2439 387 2506 Christi
403 2439 553 2510 fidelibus
571 2438 778 2524 presentibus
796 2443 827 2504 et
844 2437 961 2506 tuturis
976 2440 1130 2507 noticiam
1156 2460 1231 2526 pre·

97 2548 245 2614 sencinm
260 2545 423 2614 habituris
438 2547 578 2614 salutem
590 2545 624 2612 in
635 2543 772 2612 Domino
783 2545 1026 2630 sempiternam.
1036 2547 1088 2612 Ad
1103 2547 1231 2616 uniuer-

96 2674 205 2721 sorum
220 2654 378 2722 noticiam
393 2660 504 2722 tenore
529 2653 734 2741 presencium
760 2651 909 2720 volumus
933 2655 1115 2742 peruenire,
1141 2657 1229 2740 quod

99 2759 261 2830 discretus
277 2759 410 2842 juuenis
436 2759 594 2845 Magister
632 2759 818 2846 Stephanus
850 2759 1005 2827 Notarius
1037 2761 1226 2849 Monastcrij

98 2869 208 2934 Sancti
226 2867 358 2932 Martini
374 2865 415 2934 de
432 2867 532 2934 Sacro
547 2867 659 2934 Monte
675 2867 853 2951 Pannonio,
873 2867 1054 2954 legittimus
1078 2889 1230 2954 procura·

19 2977 23 2984 '
97 2979 145 3040 tor
169 2975 297 3042 domiui
322 2973 478 3058 Vyllermi
506 2973 644 3042 Abbatis
673 2979 707 3040 et
737 2973 843 3040 tocius
876 2973 1062 3042 Contentus
1093 2973 1227 3060 predicti

98 3080 289 3180 lionasterij
306 3078 422 3146 Sancti
437 3081 569 3149 Martini
587 3079 631 3148 ad
657 3087 799 3148 nostram
825 3081 1042 3164 personaliter
1066 3083 1228 3150 veniendo

98 3188 300 3274 presenciam
317 3187 388 3252 rice
403 3193 436 3255 et
451 3189 584 3254 nomine
601 3186 762 3255 dictorum
778 3185 903 3255 domini
929 3187 1065 3254 Abbatis
1090 3195 1123 3256 et
1146 3189 1227 3256 Gon·
1329 3239 1333 3248 .

14 3345 16 3366 r
95 3305 211 3362 uentus
229 3293 323 3362 nobis
338 3294 506 3379 proposuit
522 3295 556 3360 in
574 3294 661 3361 hunc
678 3293 809 3362 modum
827 3313 837 3358 ε
854 3291 940 3376 qnod
956 3295 1034 3376 qnia
1049 3293 1171 3362 nobiles
1195 3306 1228 3366 et

98 3402 260 3484 ignobiles
276 3401 450 3469 Prouincie
466 3407 499 3470 et
515 3399 695 3475 Comitatus
712 3401 926 3488 Symigieusis
944 3401 1113 3468 uniuersas
1139 3401 1225 3472 deci·

17 3529 20 3560 ⁵
97 3529 164 3576 mas
179 3507 361 3576 secundum
377 3509 620 3576 institucionem
639 3517 672 3578 et
687 3508 928 3577 ordinacionem
945 3527 1002 3576 seu
1012 3507 1233 3594 donacionem¹

96 3613 303 3685 sanctissimi
317 3615 417 3700 Regis
432 3615 591 3703 Stephani
606 3617 703 3703 primi
718 3615 818 3701 Regis
834 3615 1060 3701 Hungarorum
1076 3617 1224 3701 predicto

95 3722 299 3793 llonasterio
314 3722 492 3789 secundum
503 3722 673 3808 justiciam
690 3729 723 3790 et
738 3723 955 3810 approbatam
970 3722 1075 3808 Regni
1091 3744 1222 3794 eonsue-

97 3833 242 3898 tudinem
257 3830 386 3898 soluere
401 3838 592 3898 recusarent
609 3829 814 3899 contumacia
831 3837 864 3898 et
887 3829 1100 3898 inobedencia
1124 3831 1222 3902 obsti-

97 3941 174 4023 nati,
190 3925 224 4005 et
239 3935 359 4004 ex'hoa
373 3937 539 4022 predictus
555 3935 706 4007 dominus
721 3937 912 4026 Vyllermns
928 3935 1051 4020 Abbas,
1074 3945 1223 4026 totusque

94 4044 239 4112 eiusdem
256 4045 318 4111 loci
335 4043 520 4114 conuentus
537 4063 691 4132 magnam
707 4048 742 4114 in
753 4044 886 4132 juribus
903 4063 1016 4112 eorum
1041 4047 1223 4133 perciperet

97 4148 351 4220 diminucionem
376 4155 410 4218 et
424 4151 661 4220 detrimentum.
679 4153 758 4220 Cum
767 4151 873 4237 igitur
882 4151 961 4235 jura
976 4149 1123 4218 Ecclesia
1138 4152 1224 4239 ipso·

96 4275 161 4324 rum
177 4255 359 4326 defendere
374 4260 407 4323 et
431 4257 515 4326 tueri
539 4259 644 4326 velint
677 4266 709 4326 et
738 4259 913 4326 intendant
944 4255 1122 4324 salubriter
1151 4259 1222 4329 Deo

97 4365 301 4452 propiciante
318 4369 385 4431 toto
400 4383 460 4432 suo
474 4365 549 4432 nisu
574 4373 606 4432 et
631 4367 810 4452 conamine,
835 4365 921 4433 sicut
957 4363 1005 4430 eis
1036 4367 1222 4438 necessario

94 4469 271 4558 incumbit5
294 4476 327 4539 et
342 4471 421 4555 quia
436 4469 480 4540 ad
495 4469 556 4540 lroe
571 4471 715 4558 legenda
730 4471 936 4540 sanctissimi
952 4469 1053 4556 Regis
1064 4469 1221 4562 Stephani

93 4577 292 4666 authentica,
310 4584 344 4645 et
358 4581 539 4666 approbata
556 4598 615 4666 per
640 4579 870 4650 Sanctissimos
896 4580 1060 4648 Romanos
1091 4579 1222 4653 Pontifi-

93 4703 156 4772 ces,
173 4685 219 4756 sit
233 4705 382 4774 sumpme
399 4688 609 4758 necessaria:
634 4688 707 4757 ideo
731 4687 925 4778 particulam
954 4688 1057 4772 illam,
1089 4688 1123 4756 in
1153 4712 1221 4776 qua

1021 4796 1058 4861 1*
