3206 5184
779 297 941 396 Q

296 485 362 588 tum
380 515 414 586 in
430 517 537 604 Seleu,
555 514 669 603 quinta
684 511 768 582 ieris
783 513 934 602 proxima
948 517 1024 601 post
1039 507 1239 581 dominicam
1255 507 1429 580 Inrocerit

214 679 215 688 η
297 647 384 697 anno
400 623 533 697 Domini
548 621 741 694 MCOLXX.

406 823 579 890 ,ffkalcsiea
598 823 721 878 Menum.
740 823 805 877 hist.
824 822 917 890 Epire.
937 819 1058 889 Zegrsb.
1077 821 1101 874 Ι.
1118 820 1179 874 rot
1201 820 1260 873 rto.
1278 821 1311 887 l.)

736 1201 999 1216 mun-

832 1739 909 1809 446.

302 1946 334 2014 Α
360 1949 460 2016 dadai
491 1943 714 2034 laptulaanuk
744 1941 1017 2029 otmayeoptaaeta,
1048 1923 1143 2029 hoyy‘
1162 1940 1432 2008 Murtcaudsrlrai

302 2058 440 2146 &nuely
446 2055 548 2147 selred
564 2054 743 2121 cirroteca
759 2051 811 2118 Se.
829 2053 945 2118 Mete-ia
962 2052 1098 2138 aaigatdn
1113 2048 1430 2138 teauapueaazarot-

623 2161 690 2228 auk
706 2165 995 2249 tugyomdayozta.
1022 2161 1120 2228 1270.

411 2467 571 2537 Omnibus
586 2468 620 2535 in
636 2464 768 2535 Christo
785 2462 839 2550 pie
856 2461 1043 2532 uiuentibus
1059 2461 1244 2550 Capitulum
1267 2462 1430 2532 Budensis

304 2578 453 2650 Ecclesie
468 2580 610 2646 salutem
627 2575 662 2644 in
677 2573 818 2644 Domino
835 2573 1078 2660 sempiternam.
1095 2570 1311 2642 Vniuersitoti
1322 2578 1433 2641 uestro

303 2696 415 2758 tenore
431 2685 633 2774 presencium
651 2683 803 2753 duximus
820 2681 1064 2767 declarandum,
1091 2679 1327 2766 quodquidam
1353 2682 1433 2750 Gre

306 2797 419 2884 gorius
434 2793 563 2863 nominc
578 2793 620 2862 dc
636 2791 716 2860 uilla
732 2792 982 2859 Mortunrasara
1007 2789 1043 2855 in
1075 2793 1189 2858 nostm
1219 2788 1434 2875 personaliter

305 2907 502 2974 constitutus
518 2901 701 2990 presencia,
719 2898 886 2968 consessus
902 2904 970 2984 est;
996 2897 1082 2983 quod
1098 2898 1328 2985 possessiones
1345 2918 1433 2982 suas,

305 3013 456 3082 videlicet
470 3017 572 3080 totum
589 3017 708 3078 terram
724 3027 816 3076 suem
832 3003 983 3074 Thurios
999 3013 1151 3074 uocatam
1166 3005 1262 3076 metis
1279 3013 1312 3075 et
1327 3007 1432 3092 siguis

306 3122 561 3207 circumquaque
576 3117 776 3203 distinctam,
801 3121 833 3184 et
847 3116 960 3183 uineas
975 3133 1063 3194 suas,
1080 3134 1119 3182 aa
1135 3113 1245 3184 omnia
1261 3109 1347 3183 bona
1373 3135 1435 3183 sua

305 3229 438 3297 mobilia
454 3231 488 3296 et
502 3223 692 3309 immobilia,
707 3224 742 3291 in
758 3224 874 3309 quibus
890 3221 1052 3290 neminem
1071 3227 1283 3308 cognatorum
1300 3242 1432 3292 suorum

304 3335 430 3421 aliquid
446 3333 527 3403 iuris
543 3331 622 3400 dicit
639 3333 771 3418 habere,
803 3332 969 3400 sororibus
986 3331 1026 3399 de
1041 3329 1155 3400 Insula
1178 3329 1300 3399 Sancte
1316 3331 1434 3398 disrie

307 3467 368 3534 pro
386 3442 530 3512 remedio
547 3440 653 3510 anime
669 3460 737 3529 sue,
756 3459 793 3508 eo
810 3441 894 3524 quod
910 3437 1064 3508 heredum
1080 3446 1206 3507 careret
1221 3440 1435 3524 successione,

306 3553 439 3636 reliquit
455 3558 487 3618 et
503 3549 625 3617 dimisit
639 3548 850 3636 perhenniter
863 3545 1070 3635 possidenda
1109 3549 1160 3618 Ite
1193 3555 1315 3636 tamen,
1346 3548 1436 3632 quod

313 3660 466 3747 quamdiu
482 3659 569 3726 idem
585 3657 766 3744 Gregorius
783 3665 816 3726 et
831 3676 911 3726 vxor
926 3679 987 3727 sus
1002 3657 1157 3746 vixerint,
1188 3657 1230 3727 de
1255 3657 1435 3726 redditibus

306 3771 454 3856 ipsorum
470 3787 601 3835 suerum
617 3773 747 3836 utentur
763 3772 796 3834 et
810 3764 955 3835 fruentur
970 3789 1030 3854 pro
1045 3765 1180 3836 arbitrio
1196 3787 1255 3836 sue
1285 3766 1435 3836 uolunta·

306 3877 371 3964 tis;
395 3877 472 3945 etsi
489 3877 626 3944 alterum
645 3896 755 3944 eorum
772 3875 852 3944 mori
869 3876 1050 3967 continget,
1081 3877 1165 3944 alter
1182 3875 1237 3962 qui
1267 3881 1437 3962 superstes

310 3986 419 4073 inerit,
436 3983 551 4053 eodem
567 3984 663 4051 modo
679 3983 720 4050 de
734 3984 915 4053 redditibus
924 3985 1070 4072 ipsarum
1080 3983 1323 4072 posscssionum
1334 4003 1437 4068 usquc

307 4093 351 4161 ad
368 4101 515 4180 tempora
531 4093 595 4160 rite
611 4112 672 4161 sue
688 4091 892 4179 perfruetur;
917 4093 945 4160 si
977 4114 1055 4161 uero
1086 4093 1196 4181 ipsum
1227 4090 1435 4178 superstitem

307 4202 389 4269 mori
405 4200 584 4289 contingat,
617 4206 795 4270 memorate
810 4201 1036 4288 possessiones
1052 4203 1087 4269 in
1112 4201 1164 4270 ius
1196 4205 1229 4268 et
1261 4199 1437 4268 dominium

308 4307 470 4376 dictarum
487 4329 642 4394 sororum,
658 4311 742 4378 sicut
757 4310 970 4396 prediximus,
1000 4310 1214 4379 deuoluuntur
1239 4311 1337 4395 pleno
1366 4312 1440 4378 iure

307 4416 516 4502 possidendo.
555 4419 595 4486 In
611 4418 702 4486 cuius
718 4418 765 4486 rei
781 4421 970 4487 memoriam
987 4419 1112 4506 prelato
1129 4417 1290 4504 Gregorio
1315 4417 1440 4485 instan-

307 4531 357 4590 ter
372 4529 504 4608 petente
520 4523 648 4593 litteras
665 4531 837 4611 presentes
854 4527 1072 4594 concessimus
1088 4523 1191 4613 sigilli
1209 4523 1313 4593 nostri
1338 4523 1440 4592 muni-

307 4629 394 4697 mine
410 4630 592 4700 robcrstas.
630 4634 750 4700 Datum
768 4653 827 4720 per
844 4653 959 4702 manus
976 4634 1128 4722 Magistri
1144 4632 1305 4720 Ambrosij
1331 4633 1439 4702 Scola-
