<?xml version="1.0" encoding="UTF-8"?>
<!DOCTYPE html PUBLIC "-//W3C//DTD XHTML 1.0 Transitional//EN"
    "http://www.w3.org/TR/xhtml1/DTD/xhtml1-transitional.dtd">
<html xmlns="http://www.w3.org/1999/xhtml" xml:lang="en" lang="en">
 <head>
  <title>
</title>
<meta http-equiv="Content-Type" content="text/html;charset=utf-8" />
  <meta name='ocr-system' content='tesseract 3.04.00' />
  <meta name='ocr-capabilities' content='ocr_page ocr_carea ocr_par ocr_line ocrx_word'/>
</head>
<body>
  <div class='ocr_page' id='page_1' title='image "./codexdiplomatic01wenzgoog_0586.png"; bbox 0 0 3206 5184; ppageno 0'>
   <div class='ocr_carea' id='block_1_1' title="bbox 873 339 1031 434">
    <p class='ocr_par' dir='ltr' id='par_1_1' title="bbox 873 339 1031 434">
     <span class='ocr_line' id='line_1_1' title="bbox 873 339 1031 434; baseline 0 0"><span class='ocrx_word' id='word_1_1' title='bbox 873 339 1031 434; x_wconf 54' lang='grc' dir='ltr'><strong>ιιι..</strong></span> 
     </span>
    </p>
   </div>
   <div class='ocr_carea' id='block_1_2' title="bbox 384 531 1521 4265">
    <p class='ocr_par' dir='ltr' id='par_1_2' title="bbox 384 531 1521 4265">
     <span class='ocr_line' id='line_1_2' title="bbox 390 531 1514 618; baseline -0.007 -14"><span class='ocrx_word' id='word_1_2' title='bbox 390 539 530 604; x_wconf 79' lang='lat' dir='ltr'>vestrsm</span> <span class='ocrx_word' id='word_1_3' title='bbox 548 531 784 618; x_wconf 86' lang='lat' dir='ltr'>constituendo,</span> <span class='ocrx_word' id='word_1_4' title='bbox 814 539 848 598; x_wconf 91' lang='lat' dir='ltr'>ut</span> <span class='ocrx_word' id='word_1_5' title='bbox 864 531 997 617; x_wconf 88' lang='lat' dir='ltr'>possitis</span> <span class='ocrx_word' id='word_1_6' title='bbox 1014 531 1169 597; x_wconf 86' lang='lat' dir='ltr'>adversus</span> <span class='ocrx_word' id='word_1_7' title='bbox 1195 550 1386 616; x_wconf 80' lang='lat' dir='ltr'><strong>quemquam</strong></span> <span class='ocrx_word' id='word_1_8' title='bbox 1415 532 1514 616; x_wconf 86' lang='lat' dir='ltr'>possi·</span> 
     </span>
     <span class='ocr_line' id='line_1_3' title="bbox 392 639 1515 726; baseline -0.008 -14"><span class='ocrx_word' id='word_1_9' title='bbox 392 643 521 712; x_wconf 81' lang='lat' dir='ltr'>dentem</span> <span class='ocrx_word' id='word_1_10' title='bbox 538 661 579 709; x_wconf 83' lang='lat' dir='ltr'>ex</span> <span class='ocrx_word' id='word_1_11' title='bbox 595 639 691 707; x_wconf 88' lang='lat' dir='ltr'>dictis</span> <span class='ocrx_word' id='word_1_12' title='bbox 706 641 802 708; x_wconf 89' lang='lat' dir='ltr'>rebus</span> <span class='ocrx_word' id='word_1_13' title='bbox 818 645 850 706; x_wconf 86' lang='lat' dir='ltr'>et</span> <span class='ocrx_word' id='word_1_14' title='bbox 864 639 1123 724; x_wconf 77' lang='lat' dir='ltr'>possessionibus</span> <span class='ocrx_word' id='word_1_15' title='bbox 1140 639 1290 726; x_wconf 80' lang='lat' dir='ltr'>experiri,</span> <span class='ocrx_word' id='word_1_16' title='bbox 1322 658 1430 723; x_wconf 80' lang='lat' dir='ltr'>egere,</span> <span class='ocrx_word' id='word_1_17' title='bbox 1461 660 1515 723; x_wconf 91' lang='lat' dir='ltr'>pe-</span> 
     </span>
     <span class='ocr_line' id='line_1_4' title="bbox 396 747 1516 833; baseline -0.005 -14"><span class='ocrx_word' id='word_1_18' title='bbox 396 758 473 833; x_wconf 89' lang='lat' dir='ltr'>tere,</span> <span class='ocrx_word' id='word_1_19' title='bbox 489 749 638 832; x_wconf 79' lang='lat' dir='ltr'>exigere3</span> <span class='ocrx_word' id='word_1_20' title='bbox 664 754 697 814; x_wconf 90' lang='lat' dir='ltr'>et</span> <span class='ocrx_word' id='word_1_21' title='bbox 712 747 821 814; x_wconf 81' lang='lat' dir='ltr'>omnis</span> <span class='ocrx_word' id='word_1_22' title='bbox 838 755 871 814; x_wconf 90' lang='lat' dir='ltr'>et</span> <span class='ocrx_word' id='word_1_23' title='bbox 886 748 1016 830; x_wconf 82' lang='lat' dir='ltr'>singula</span> <span class='ocrx_word' id='word_1_24' title='bbox 1032 768 1157 832; x_wconf 79' lang='lat' dir='ltr'>queque</span> <span class='ocrx_word' id='word_1_25' title='bbox 1173 747 1297 832; x_wconf 83' lang='lat' dir='ltr'>iacere,</span> <span class='ocrx_word' id='word_1_26' title='bbox 1328 767 1392 831; x_wconf 85' lang='lat' dir='ltr'>que</span> <span class='ocrx_word' id='word_1_27' title='bbox 1407 765 1516 814; x_wconf 84' lang='lat' dir='ltr'>neees-</span> 
     </span>
     <span class='ocr_line' id='line_1_5' title="bbox 390 852 1517 942; baseline -0.005 -17"><span class='ocrx_word' id='word_1_28' title='bbox 390 857 482 925; x_wconf 80' lang='lat' dir='ltr'>saria</span> <span class='ocrx_word' id='word_1_29' title='bbox 498 863 530 922; x_wconf 88' lang='lat' dir='ltr'>ct</span> <span class='ocrx_word' id='word_1_30' title='bbox 546 854 697 942; x_wconf 86' lang='lat' dir='ltr'>expedire</span> <span class='ocrx_word' id='word_1_31' title='bbox 714 855 917 942; x_wconf 82' lang='lat' dir='ltr'>videbuntur,</span> <span class='ocrx_word' id='word_1_32' title='bbox 952 855 1056 933; x_wconf 81' lang='lat' dir='ltr'>Quem</span> <span class='ocrx_word' id='word_1_33' title='bbox 1074 856 1205 939; x_wconf 87' lang='lat' dir='ltr'>quidem</span> <span class='ocrx_word' id='word_1_34' title='bbox 1222 852 1453 941; x_wconf 83' lang='lat' dir='ltr'>venditionem,</span> <span class='ocrx_word' id='word_1_35' title='bbox 1486 861 1517 921; x_wconf 91' lang='lat' dir='ltr'>et</span> 
     </span>
     <span class='ocr_line' id='line_1_6' title="bbox 391 963 1519 1056; baseline -0.002 -26"><span class='ocrx_word' id='word_1_36' title='bbox 391 964 503 1031; x_wconf 82' lang='lat' dir='ltr'>omnio</span> <span class='ocrx_word' id='word_1_37' title='bbox 518 970 550 1030; x_wconf 91' lang='lat' dir='ltr'>et</span> <span class='ocrx_word' id='word_1_38' title='bbox 565 964 695 1048; x_wconf 80' lang='lat' dir='ltr'>singula</span> <span class='ocrx_word' id='word_1_39' title='bbox 709 963 933 1050; x_wconf 82' lang='lat' dir='ltr'>suprascripta</span> <span class='ocrx_word' id='word_1_40' title='bbox 949 963 1165 1056; x_wconf 76' lang='lat' dir='ltr'>promittimus</span> <span class='ocrx_word' id='word_1_41' title='bbox 1181 984 1238 1050; x_wconf 92' lang='lat' dir='ltr'>per</span> <span class='ocrx_word' id='word_1_42' title='bbox 1254 983 1312 1030; x_wconf 90' lang='lat' dir='ltr'>nos</span> <span class='ocrx_word' id='word_1_43' title='bbox 1324 970 1519 1045; x_wconf 87' lang='lat' dir='ltr'>nostrosque</span> 
     </span>
     <span class='ocr_line' id='line_1_7' title="bbox 393 1069 1518 1140; baseline -0.004 0"><span class='ocrx_word' id='word_1_44' title='bbox 393 1091 596 1140; x_wconf 82' lang='lat' dir='ltr'>successores</span> <span class='ocrx_word' id='word_1_45' title='bbox 613 1071 742 1140; x_wconf 93' lang='lat' dir='ltr'>nomine</span> <span class='ocrx_word' id='word_1_46' title='bbox 758 1071 916 1139; x_wconf 88' lang='lat' dir='ltr'>dictorum</span> <span class='ocrx_word' id='word_1_47' title='bbox 943 1069 1123 1137; x_wconf 67' lang='lat' dir='ltr'>(interdiani</span> <span class='ocrx_word' id='word_1_48' title='bbox 1155 1079 1189 1138; x_wconf 92' lang='lat' dir='ltr'>et</span> <span class='ocrx_word' id='word_1_49' title='bbox 1218 1071 1358 1137; x_wconf 83' lang='lat' dir='ltr'>fratrum</span> <span class='ocrx_word' id='word_1_50' title='bbox 1389 1081 1424 1138; x_wconf 90' lang='lat' dir='ltr'>et</span> <span class='ocrx_word' id='word_1_51' title='bbox 1456 1069 1518 1136; x_wconf 90' lang='lat' dir='ltr'>loci</span> 
     </span>
     <span class='ocr_line' id='line_1_8' title="bbox 389 1177 1518 1266; baseline -0.002 -20"><span class='ocrx_word' id='word_1_52' title='bbox 389 1178 471 1246; x_wconf 88' lang='lat' dir='ltr'>dicti</span> <span class='ocrx_word' id='word_1_53' title='bbox 485 1185 642 1266; x_wconf 88' lang='lat' dir='ltr'>perpetuo</span> <span class='ocrx_word' id='word_1_54' title='bbox 658 1186 731 1248; x_wconf 78' lang='lat' dir='ltr'>roto</span> <span class='ocrx_word' id='word_1_55' title='bbox 746 1179 867 1248; x_wconf 84' lang='lat' dir='ltr'>hebere</span> <span class='ocrx_word' id='word_1_56' title='bbox 892 1187 925 1244; x_wconf 90' lang='lat' dir='ltr'>et</span> <span class='ocrx_word' id='word_1_57' title='bbox 954 1180 1141 1260; x_wconf 79' lang='lat' dir='ltr'>obseruare,</span> <span class='ocrx_word' id='word_1_58' title='bbox 1173 1199 1234 1246; x_wconf 92' lang='lat' dir='ltr'>nec</span> <span class='ocrx_word' id='word_1_59' title='bbox 1264 1177 1375 1246; x_wconf 84' lang='lat' dir='ltr'>venire</span> <span class='ocrx_word' id='word_1_60' title='bbox 1407 1185 1518 1245; x_wconf 85' lang='lat' dir='ltr'>contm</span> 
     </span>
     <span class='ocr_line' id='line_1_9' title="bbox 390 1284 1518 1372; baseline -0.001 -19"><span class='ocrx_word' id='word_1_61' title='bbox 390 1285 504 1372; x_wconf 76' lang='lat' dir='ltr'>ulique</span> <span class='ocrx_word' id='word_1_62' title='bbox 519 1287 645 1355; x_wconf 77' lang='lat' dir='ltr'>ratione</span> <span class='ocrx_word' id='word_1_63' title='bbox 660 1287 714 1356; x_wconf 85' lang='lat' dir='ltr'>vel</span> <span class='ocrx_word' id='word_1_64' title='bbox 729 1288 911 1372; x_wconf 84' lang='lat' dir='ltr'>occasione,</span> <span class='ocrx_word' id='word_1_65' title='bbox 927 1307 986 1354; x_wconf 90' lang='lat' dir='ltr'>nec</span> <span class='ocrx_word' id='word_1_66' title='bbox 1002 1287 1145 1372; x_wconf 90' lang='lat' dir='ltr'>ipsorum</span> <span class='ocrx_word' id='word_1_67' title='bbox 1162 1289 1333 1355; x_wconf 82' lang='lat' dir='ltr'>occasione</span> <span class='ocrx_word' id='word_1_68' title='bbox 1350 1286 1442 1352; x_wconf 88' lang='lat' dir='ltr'>litem</span> <span class='ocrx_word' id='word_1_69' title='bbox 1459 1284 1518 1352; x_wconf 78' lang='lat' dir='ltr'>ali·</span> 
     </span>
     <span class='ocr_line' id='line_1_10' title="bbox 389 1392 1519 1481; baseline -0.001 -20"><span class='ocrx_word' id='word_1_70' title='bbox 389 1413 487 1479; x_wconf 82' lang='lat' dir='ltr'>quom</span> <span class='ocrx_word' id='word_1_71' title='bbox 502 1396 556 1462; x_wconf 85' lang='lat' dir='ltr'>vel</span> <span class='ocrx_word' id='word_1_72' title='bbox 572 1395 754 1464; x_wconf 81' lang='lat' dir='ltr'>molesiism</span> <span class='ocrx_word' id='word_1_73' title='bbox 770 1396 863 1464; x_wconf 91' lang='lat' dir='ltr'>vobis</span> <span class='ocrx_word' id='word_1_74' title='bbox 881 1407 1022 1476; x_wconf 83' lang='lat' dir='ltr'>mouere,</span> <span class='ocrx_word' id='word_1_75' title='bbox 1056 1415 1117 1463; x_wconf 89' lang='lat' dir='ltr'>neo</span> <span class='ocrx_word' id='word_1_76' title='bbox 1133 1395 1226 1462; x_wconf 86' lang='lat' dir='ltr'>elteri</span> <span class='ocrx_word' id='word_1_77' title='bbox 1242 1413 1300 1481; x_wconf 89' lang='lat' dir='ltr'>pro</span> <span class='ocrx_word' id='word_1_78' title='bbox 1332 1394 1437 1481; x_wconf 81' lang='lat' dir='ltr'>vobis,</span> <span class='ocrx_word' id='word_1_79' title='bbox 1468 1392 1519 1460; x_wconf 80' lang='lat' dir='ltr'>roi</span> 
     </span>
     <span class='ocr_line' id='line_1_11' title="bbox 388 1501 1518 1591; baseline 0.001 -24"><span class='ocrx_word' id='word_1_80' title='bbox 388 1501 508 1586; x_wconf 83' lang='lat' dir='ltr'>iecere,</span> <span class='ocrx_word' id='word_1_81' title='bbox 525 1501 566 1570; x_wconf 87' lang='lat' dir='ltr'>de</span> <span class='ocrx_word' id='word_1_82' title='bbox 582 1503 676 1572; x_wconf 89' lang='lat' dir='ltr'>dictis</span> <span class='ocrx_word' id='word_1_83' title='bbox 692 1504 843 1572; x_wconf 87' lang='lat' dir='ltr'>omnibus</span> <span class='ocrx_word' id='word_1_84' title='bbox 859 1505 966 1591; x_wconf 89' lang='lat' dir='ltr'>rebus,</span> <span class='ocrx_word' id='word_1_85' title='bbox 983 1525 1090 1588; x_wconf 84' lang='lat' dir='ltr'>neque</span> <span class='ocrx_word' id='word_1_86' title='bbox 1106 1503 1147 1570; x_wconf 85' lang='lat' dir='ltr'>de</span> <span class='ocrx_word' id='word_1_87' title='bbox 1162 1503 1274 1588; x_wconf 80' lang='lat' dir='ltr'>eliqua</span> <span class='ocrx_word' id='word_1_88' title='bbox 1284 1521 1409 1586; x_wconf 85' lang='lat' dir='ltr'>esrum,</span> <span class='ocrx_word' id='word_1_89' title='bbox 1425 1501 1518 1570; x_wconf 82' lang='lat' dir='ltr'>uobis</span> 
     </span>
     <span class='ocr_line' id='line_1_12' title="bbox 390 1607 1517 1701; baseline -0.002 -25"><span class='ocrx_word' id='word_1_90' title='bbox 390 1608 487 1680; x_wconf 83' lang='lat' dir='ltr'>dictis</span> <span class='ocrx_word' id='word_1_91' title='bbox 504 1613 702 1699; x_wconf 83' lang='lat' dir='ltr'>emptoribus</span> <span class='ocrx_word' id='word_1_92' title='bbox 718 1635 776 1701; x_wconf 89' lang='lat' dir='ltr'>pro</span> <span class='ocrx_word' id='word_1_93' title='bbox 802 1614 895 1682; x_wconf 83' lang='lat' dir='ltr'>vobis</span> <span class='ocrx_word' id='word_1_94' title='bbox 926 1613 1104 1698; x_wconf 87' lang='lat' dir='ltr'>vestrisque</span> <span class='ocrx_word' id='word_1_95' title='bbox 1135 1611 1246 1679; x_wconf 88' lang='lat' dir='ltr'>liberis</span> <span class='ocrx_word' id='word_1_96' title='bbox 1278 1619 1311 1678; x_wconf 88' lang='lat' dir='ltr'>et</span> <span class='ocrx_word' id='word_1_97' title='bbox 1341 1607 1517 1676; x_wconf 84' lang='lat' dir='ltr'>heredibus</span> 
     </span>
     <span class='ocr_line' id='line_1_13' title="bbox 388 1718 1519 1808; baseline -0.004 -22"><span class='ocrx_word' id='word_1_98' title='bbox 388 1718 619 1805; x_wconf 79' lang='lat' dir='ltr'>recipientibus</span> <span class='ocrx_word' id='word_1_99' title='bbox 635 1722 861 1807; x_wconf 87' lang='lat' dir='ltr'>promittendo.</span> <span class='ocrx_word' id='word_1_100' title='bbox 901 1721 987 1789; x_wconf 86' lang='lat' dir='ltr'>Etsi</span> <span class='ocrx_word' id='word_1_101' title='bbox 1004 1721 1172 1808; x_wconf 88' lang='lat' dir='ltr'>quidplus</span> <span class='ocrx_word' id='word_1_102' title='bbox 1202 1718 1292 1787; x_wconf 85' lang='lat' dir='ltr'>dicto</span> <span class='ocrx_word' id='word_1_103' title='bbox 1325 1719 1439 1802; x_wconf 85' lang='lat' dir='ltr'>precio</span> <span class='ocrx_word' id='word_1_104' title='bbox 1468 1736 1519 1782; x_wconf 85' lang='lat' dir='ltr'>res</span> 
     </span>
     <span class='ocr_line' id='line_1_14' title="bbox 392 1827 1517 1916; baseline -0.002 -23"><span class='ocrx_word' id='word_1_105' title='bbox 392 1827 482 1896; x_wconf 88' lang='lat' dir='ltr'>dicte</span> <span class='ocrx_word' id='word_1_106' title='bbox 497 1830 608 1896; x_wconf 85' lang='lat' dir='ltr'>volent</span> <span class='ocrx_word' id='word_1_107' title='bbox 623 1829 677 1896; x_wconf 83' lang='lat' dir='ltr'>vel</span> <span class='ocrx_word' id='word_1_108' title='bbox 694 1832 801 1898; x_wconf 79' lang='lat' dir='ltr'>valere</span> <span class='ocrx_word' id='word_1_109' title='bbox 820 1839 963 1916; x_wconf 89' lang='lat' dir='ltr'>possent,</span> <span class='ocrx_word' id='word_1_110' title='bbox 981 1831 1074 1897; x_wconf 87' lang='lat' dir='ltr'>vobis</span> <span class='ocrx_word' id='word_1_111' title='bbox 1090 1829 1173 1896; x_wconf 91' lang='lat' dir='ltr'>inter</span> <span class='ocrx_word' id='word_1_112' title='bbox 1188 1828 1282 1896; x_wconf 80' lang='lat' dir='ltr'>uiuos</span> <span class='ocrx_word' id='word_1_113' title='bbox 1298 1836 1332 1894; x_wconf 90' lang='lat' dir='ltr'>et</span> <span class='ocrx_word' id='word_1_114' title='bbox 1348 1829 1517 1914; x_wconf 82' lang='lat' dir='ltr'>iureuoca·</span> 
     </span>
     <span class='ocr_line' id='line_1_15' title="bbox 391 1934 1518 2026; baseline -0.005 -22"><span class='ocrx_word' id='word_1_115' title='bbox 391 1935 500 2004; x_wconf 90' lang='lat' dir='ltr'>biliter</span> <span class='ocrx_word' id='word_1_116' title='bbox 516 1936 721 2005; x_wconf 89' lang='lat' dir='ltr'>concedimus</span> <span class='ocrx_word' id='word_1_117' title='bbox 737 1945 769 2005; x_wconf 94' lang='lat' dir='ltr'>et</span> <span class='ocrx_word' id='word_1_118' title='bbox 784 1938 954 2026; x_wconf 83' lang='lat' dir='ltr'>donemus,</span> <span class='ocrx_word' id='word_1_119' title='bbox 984 1937 1074 2005; x_wconf 81' lang='lat' dir='ltr'>secta</span> <span class='ocrx_word' id='word_1_120' title='bbox 1100 1935 1288 2005; x_wconf 82' lang='lat' dir='ltr'>subostione</span> <span class='ocrx_word' id='word_1_121' title='bbox 1304 1955 1365 2020; x_wconf 88' lang='lat' dir='ltr'>per</span> <span class='ocrx_word' id='word_1_122' title='bbox 1395 1934 1518 2000; x_wconf 83' lang='lat' dir='ltr'>Givits-</span> 
     </span>
     <span class='ocr_line' id='line_1_16' title="bbox 389 2039 1519 2132; baseline -0.006 -20"><span class='ocrx_word' id='word_1_123' title='bbox 389 2052 455 2112; x_wconf 90' lang='lat' dir='ltr'>tem</span> <span class='ocrx_word' id='word_1_124' title='bbox 472 2064 530 2130; x_wconf 90' lang='lat' dir='ltr'>per</span> <span class='ocrx_word' id='word_1_125' title='bbox 546 2065 716 2132; x_wconf 87' lang='lat' dir='ltr'>preconem</span> <span class='ocrx_word' id='word_1_126' title='bbox 734 2047 918 2115; x_wconf 80' lang='lat' dir='ltr'>Communis</span> <span class='ocrx_word' id='word_1_127' title='bbox 934 2046 975 2111; x_wconf 88' lang='lat' dir='ltr'>de</span> <span class='ocrx_word' id='word_1_128' title='bbox 991 2045 1086 2114; x_wconf 89' lang='lat' dir='ltr'>dictis</span> <span class='ocrx_word' id='word_1_129' title='bbox 1102 2045 1196 2112; x_wconf 93' lang='lat' dir='ltr'>bonis</span> <span class='ocrx_word' id='word_1_130' title='bbox 1213 2051 1245 2110; x_wconf 89' lang='lat' dir='ltr'>et</span> <span class='ocrx_word' id='word_1_131' title='bbox 1255 2039 1519 2131; x_wconf 86' lang='lat' dir='ltr'>possessionibus</span> 
     </span>
     <span class='ocr_line' id='line_1_17' title="bbox 390 2149 1518 2222; baseline -0.004 -3"><span class='ocrx_word' id='word_1_132' title='bbox 390 2153 470 2220; x_wconf 87' lang='lat' dir='ltr'>dicti</span> <span class='ocrx_word' id='word_1_133' title='bbox 485 2153 572 2219; x_wconf 92' lang='lat' dir='ltr'>Dese</span> <span class='ocrx_word' id='word_1_134' title='bbox 589 2153 777 2222; x_wconf 85' lang='lat' dir='ltr'>vendendis.</span> <span class='ocrx_word' id='word_1_135' title='bbox 800 2157 1031 2221; x_wconf 83' lang='lat' dir='ltr'>Verumtamen</span> <span class='ocrx_word' id='word_1_136' title='bbox 1061 2160 1168 2220; x_wconf 83' lang='lat' dir='ltr'>actum</span> <span class='ocrx_word' id='word_1_137' title='bbox 1199 2160 1249 2219; x_wconf 88' lang='lat' dir='ltr'>ost</span> <span class='ocrx_word' id='word_1_138' title='bbox 1279 2152 1363 2218; x_wconf 88' lang='lat' dir='ltr'>inter</span> <span class='ocrx_word' id='word_1_139' title='bbox 1394 2149 1518 2216; x_wconf 84' lang='lat' dir='ltr'>dictum</span> 
     </span>
     <span class='ocr_line' id='line_1_18' title="bbox 390 2255 1520 2346; baseline -0.004 -21"><span class='ocrx_word' id='word_1_140' title='bbox 390 2258 554 2327; x_wconf 86' lang='lat' dir='ltr'>dominnm</span> <span class='ocrx_word' id='word_1_141' title='bbox 572 2260 771 2345; x_wconf 80' lang='lat' dir='ltr'>Episcopum</span> <span class='ocrx_word' id='word_1_142' title='bbox 789 2266 821 2328; x_wconf 91' lang='lat' dir='ltr'>et</span> <span class='ocrx_word' id='word_1_143' title='bbox 837 2259 942 2326; x_wconf 87' lang='lat' dir='ltr'>dictos</span> <span class='ocrx_word' id='word_1_144' title='bbox 958 2269 1132 2346; x_wconf 85' lang='lat' dir='ltr'>emptores,</span> <span class='ocrx_word' id='word_1_145' title='bbox 1153 2265 1186 2324; x_wconf 91' lang='lat' dir='ltr'>et</span> <span class='ocrx_word' id='word_1_146' title='bbox 1199 2259 1362 2326; x_wconf 82' lang='lat' dir='ltr'>adiectum</span> <span class='ocrx_word' id='word_1_147' title='bbox 1378 2264 1429 2324; x_wconf 90' lang='lat' dir='ltr'>est</span> <span class='ocrx_word' id='word_1_148' title='bbox 1445 2255 1520 2322; x_wconf 85' lang='lat' dir='ltr'>huic</span> 
     </span>
     <span class='ocr_line' id='line_1_19' title="bbox 393 2364 1520 2451; baseline -0.005 -17"><span class='ocrx_word' id='word_1_149' title='bbox 393 2366 572 2435; x_wconf 80' lang='lat' dir='ltr'>venditioni</span> <span class='ocrx_word' id='word_1_150' title='bbox 586 2365 627 2433; x_wconf 90' lang='lat' dir='ltr'>de</span> <span class='ocrx_word' id='word_1_151' title='bbox 644 2368 803 2434; x_wconf 88' lang='lat' dir='ltr'>communi</span> <span class='ocrx_word' id='word_1_152' title='bbox 831 2369 974 2434; x_wconf 93' lang='lat' dir='ltr'>omnium</span> <span class='ocrx_word' id='word_1_153' title='bbox 1001 2373 1181 2451; x_wconf 89' lang='lat' dir='ltr'>emptorum</span> <span class='ocrx_word' id='word_1_154' title='bbox 1212 2364 1378 2432; x_wconf 86' lang='lat' dir='ltr'>voluntete</span> <span class='ocrx_word' id='word_1_155' title='bbox 1408 2383 1520 2430; x_wconf 85' lang='lat' dir='ltr'>coram</span> 
     </span>
     <span class='ocr_line' id='line_1_20' title="bbox 391 2473 1520 2564; baseline -0.003 -21"><span class='ocrx_word' id='word_1_156' title='bbox 391 2495 443 2543; x_wconf 94' lang='lat' dir='ltr'>me</span> <span class='ocrx_word' id='word_1_157' title='bbox 460 2473 597 2542; x_wconf 72' lang='lat' dir='ltr'>&#39;boterio</span> <span class='ocrx_word' id='word_1_158' title='bbox 618 2482 651 2542; x_wconf 95' lang='lat' dir='ltr'>et</span> <span class='ocrx_word' id='word_1_159' title='bbox 665 2475 814 2564; x_wconf 88' lang='lat' dir='ltr'>testibus,</span> <span class='ocrx_word' id='word_1_160' title='bbox 846 2475 900 2559; x_wconf 87' lang='lat' dir='ltr'>qui</span> <span class='ocrx_word' id='word_1_161' title='bbox 917 2475 1046 2560; x_wconf 88' lang='lat' dir='ltr'>quidem</span> <span class='ocrx_word' id='word_1_162' title='bbox 1061 2475 1208 2542; x_wconf 86' lang='lat' dir='ltr'>dominus</span> <span class='ocrx_word' id='word_1_163' title='bbox 1238 2474 1431 2558; x_wconf 76' lang='lat' dir='ltr'>Episcopus,</span> <span class='ocrx_word' id='word_1_164' title='bbox 1465 2479 1520 2541; x_wconf 79' lang='lat' dir='ltr'>aut</span> 
     </span>
     <span class='ocr_line' id='line_1_21' title="bbox 389 2581 1521 2670; baseline -0.003 -21"><span class='ocrx_word' id='word_1_165' title='bbox 389 2581 505 2666; x_wconf 81' lang='lat' dir='ltr'>aliquis</span> <span class='ocrx_word' id='word_1_166' title='bbox 523 2603 581 2670; x_wconf 92' lang='lat' dir='ltr'>pro</span> <span class='ocrx_word' id='word_1_167' title='bbox 611 2582 706 2650; x_wconf 88' lang='lat' dir='ltr'>dictis</span> <span class='ocrx_word' id='word_1_168' title='bbox 738 2582 927 2652; x_wconf 80' lang='lat' dir='ltr'>Gnerdiauo</span> <span class='ocrx_word' id='word_1_169' title='bbox 958 2591 990 2650; x_wconf 93' lang='lat' dir='ltr'>et</span> <span class='ocrx_word' id='word_1_170' title='bbox 1020 2583 1186 2670; x_wconf 83' lang='lat' dir='ltr'>fratribus,</span> <span class='ocrx_word' id='word_1_171' title='bbox 1219 2583 1290 2649; x_wconf 90' lang='lat' dir='ltr'>siue</span> <span class='ocrx_word' id='word_1_172' title='bbox 1321 2583 1423 2647; x_wconf 82' lang='lat' dir='ltr'>etiam</span> <span class='ocrx_word' id='word_1_173' title='bbox 1456 2581 1521 2666; x_wconf 91' lang='lat' dir='ltr'>ipsi</span> 
     </span>
     <span class='ocr_line' id='line_1_22' title="bbox 389 2687 1520 2778; baseline -0.001 -22"><span class='ocrx_word' id='word_1_174' title='bbox 389 2687 598 2758; x_wconf 79' lang='lat' dir='ltr'>Guardisnns</span> <span class='ocrx_word' id='word_1_175' title='bbox 615 2698 646 2758; x_wconf 92' lang='lat' dir='ltr'>et</span> <span class='ocrx_word' id='word_1_176' title='bbox 662 2691 787 2776; x_wconf 82' lang='lat' dir='ltr'>iratres,</span> <span class='ocrx_word' id='word_1_177' title='bbox 804 2691 934 2760; x_wconf 89' lang='lat' dir='ltr'>minime</span> <span class='ocrx_word' id='word_1_178' title='bbox 950 2698 1133 2778; x_wconf 82' lang='lat' dir='ltr'>teneantur,</span> <span class='ocrx_word' id='word_1_179' title='bbox 1166 2712 1226 2758; x_wconf 89' lang='lat' dir='ltr'>nec</span> <span class='ocrx_word' id='word_1_180' title='bbox 1242 2690 1385 2756; x_wconf 84' lang='lat' dir='ltr'>debeant</span> <span class='ocrx_word' id='word_1_181' title='bbox 1400 2690 1435 2755; x_wconf 94' lang='lat' dir='ltr'>in</span> <span class='ocrx_word' id='word_1_182' title='bbox 1465 2690 1520 2755; x_wconf 83' lang='lat' dir='ltr'>nli-</span> 
     </span>
     <span class='ocr_line' id='line_1_23' title="bbox 389 2797 1519 2884; baseline 0.001 -21"><span class='ocrx_word' id='word_1_183' title='bbox 389 2817 452 2880; x_wconf 89' lang='lat' dir='ltr'>quo</span> <span class='ocrx_word' id='word_1_184' title='bbox 467 2797 547 2882; x_wconf 93' lang='lat' dir='ltr'>ipsis</span> <span class='ocrx_word' id='word_1_185' title='bbox 564 2799 765 2883; x_wconf 85' lang='lat' dir='ltr'>emptoribus</span> <span class='ocrx_word' id='word_1_186' title='bbox 778 2799 888 2866; x_wconf 78' lang='lat' dir='ltr'>dictos</span> <span class='ocrx_word' id='word_1_187' title='bbox 905 2819 958 2866; x_wconf 87' lang='lat' dir='ltr'>res</span> <span class='ocrx_word' id='word_1_188' title='bbox 974 2803 1006 2865; x_wconf 90' lang='lat' dir='ltr'>et</span> <span class='ocrx_word' id='word_1_189' title='bbox 1022 2799 1245 2884; x_wconf 89' lang='lat' dir='ltr'>possessiones</span> <span class='ocrx_word' id='word_1_190' title='bbox 1259 2797 1302 2864; x_wconf 80' lang='lat' dir='ltr'>ab</span> <span class='ocrx_word' id='word_1_191' title='bbox 1319 2799 1433 2881; x_wconf 81' lang='lat' dir='ltr'>aliquo</span> <span class='ocrx_word' id='word_1_192' title='bbox 1462 2797 1519 2864; x_wconf 90' lang='lat' dir='ltr'>de·</span> 
     </span>
     <span class='ocr_line' id='line_1_24' title="bbox 387 2891 1520 2994; baseline -0.003 -23"><span class='ocrx_word' id='word_1_193' title='bbox 387 2905 520 2972; x_wconf 84' lang='lat' dir='ltr'>iendere</span> <span class='ocrx_word' id='word_1_194' title='bbox 537 2908 587 2972; x_wconf 85' lang='lat' dir='ltr'>vel</span> <span class='ocrx_word' id='word_1_195' title='bbox 604 2891 892 2992; x_wconf 80' lang='lat' dir='ltr'>discelumpuiori3</span> <span class='ocrx_word' id='word_1_196' title='bbox 918 2906 1016 2974; x_wconf 91' lang='lat' dir='ltr'>immo</span> <span class='ocrx_word' id='word_1_197' title='bbox 1042 2907 1129 2974; x_wconf 89' lang='lat' dir='ltr'>dioto</span> <span class='ocrx_word' id='word_1_198' title='bbox 1145 2915 1302 2994; x_wconf 86' lang='lat' dir='ltr'>emptores</span> <span class='ocrx_word' id='word_1_199' title='bbox 1319 2906 1520 2972; x_wconf 85' lang='lat' dir='ltr'>remiserunt</span> 
     </span>
     <span class='ocr_line' id='line_1_25' title="bbox 389 3013 1518 3104; baseline -0.001 -26"><span class='ocrx_word' id='word_1_200' title='bbox 389 3013 451 3098; x_wconf 88' lang='lat' dir='ltr'>ipsi</span> <span class='ocrx_word' id='word_1_201' title='bbox 467 3013 598 3080; x_wconf 88' lang='lat' dir='ltr'>domino</span> <span class='ocrx_word' id='word_1_202' title='bbox 613 3013 773 3100; x_wconf 80' lang='lat' dir='ltr'>Episcopo</span> <span class='ocrx_word' id='word_1_203' title='bbox 792 3034 887 3082; x_wconf 92' lang='lat' dir='ltr'>omne</span> <span class='ocrx_word' id='word_1_204' title='bbox 898 3017 955 3104; x_wconf 91' lang='lat' dir='ltr'>jus</span> <span class='ocrx_word' id='word_1_205' title='bbox 973 3019 1161 3100; x_wconf 88' lang='lat' dir='ltr'>competens</span> <span class='ocrx_word' id='word_1_206' title='bbox 1177 3014 1223 3081; x_wconf 92' lang='lat' dir='ltr'>eis</span> <span class='ocrx_word' id='word_1_207' title='bbox 1240 3014 1273 3080; x_wconf 91' lang='lat' dir='ltr'>in</span> <span class='ocrx_word' id='word_1_208' title='bbox 1291 3014 1381 3080; x_wconf 77' lang='lat' dir='ltr'>dicte</span> <span class='ocrx_word' id='word_1_209' title='bbox 1397 3019 1430 3078; x_wconf 88' lang='lat' dir='ltr'>et</span> <span class='ocrx_word' id='word_1_210' title='bbox 1457 3031 1518 3097; x_wconf 90' lang='lat' dir='ltr'>pro</span> 
     </span>
     <span class='ocr_line' id='line_1_26' title="bbox 387 3119 1519 3206; baseline -0.004 -19"><span class='ocrx_word' id='word_1_211' title='bbox 387 3122 475 3188; x_wconf 85' lang='lat' dir='ltr'>dicto</span> <span class='ocrx_word' id='word_1_212' title='bbox 491 3121 651 3188; x_wconf 81' lang='lat' dir='ltr'>evictionc</span> <span class='ocrx_word' id='word_1_213' title='bbox 666 3141 723 3189; x_wconf 88' lang='lat' dir='ltr'>seu</span> <span class='ocrx_word' id='word_1_214' title='bbox 737 3119 936 3190; x_wconf 80' lang='lat' dir='ltr'>defensione.</span> <span class='ocrx_word' id='word_1_215' title='bbox 969 3123 1085 3188; x_wconf 83' lang='lat' dir='ltr'>Actum</span> <span class='ocrx_word' id='word_1_216' title='bbox 1103 3121 1257 3206; x_wconf 81' lang='lat' dir='ltr'>Tragurii</span> <span class='ocrx_word' id='word_1_217' title='bbox 1273 3124 1306 3187; x_wconf 96' lang='lat' dir='ltr'>in</span> <span class='ocrx_word' id='word_1_218' title='bbox 1322 3120 1419 3188; x_wconf 86' lang='lat' dir='ltr'>domo</span> <span class='ocrx_word' id='word_1_219' title='bbox 1435 3119 1519 3186; x_wconf 87' lang='lat' dir='ltr'>dicti</span> 
     </span>
     <span class='ocr_line' id='line_1_27' title="bbox 385 3227 1518 3315; baseline -0.001 -21"><span class='ocrx_word' id='word_1_220' title='bbox 385 3229 560 3315; x_wconf 91' lang='lat' dir='ltr'>Episcopi;</span> <span class='ocrx_word' id='word_1_221' title='bbox 584 3229 788 3313; x_wconf 85' lang='lat' dir='ltr'>presentibus</span> <span class='ocrx_word' id='word_1_222' title='bbox 806 3229 856 3295; x_wconf 93' lang='lat' dir='ltr'>his</span> <span class='ocrx_word' id='word_1_223' title='bbox 873 3229 1010 3296; x_wconf 88' lang='lat' dir='ltr'>testibus</span> <span class='ocrx_word' id='word_1_224' title='bbox 1028 3227 1070 3296; x_wconf 85' lang='lat' dir='ltr'>od</span> <span class='ocrx_word' id='word_1_225' title='bbox 1094 3229 1174 3313; x_wconf 89' lang='lat' dir='ltr'>bec;</span> <span class='ocrx_word' id='word_1_226' title='bbox 1198 3229 1353 3296; x_wconf 87' lang='lat' dir='ltr'>videlicet</span> <span class='ocrx_word' id='word_1_227' title='bbox 1385 3229 1518 3294; x_wconf 90' lang='lat' dir='ltr'>domino</span> 
     </span>
     <span class='ocr_line' id='line_1_28' title="bbox 384 3335 1519 3423; baseline 0.002 -23"><span class='ocrx_word' id='word_1_228' title='bbox 384 3335 511 3403; x_wconf 76' lang='lat' dir='ltr'>Jacobo</span> <span class='ocrx_word' id='word_1_229' title='bbox 529 3335 777 3421; x_wconf 82' lang='lat' dir='ltr'>Archidiacouo,</span> <span class='ocrx_word' id='word_1_230' title='bbox 811 3336 941 3403; x_wconf 90' lang='lat' dir='ltr'>domino</span> <span class='ocrx_word' id='word_1_231' title='bbox 958 3335 1118 3404; x_wconf 74' lang='lat' dir='ltr'>Gersesio</span> <span class='ocrx_word' id='word_1_232' title='bbox 1133 3336 1320 3403; x_wconf 87' lang='lat' dir='ltr'>Primicerio</span> <span class='ocrx_word' id='word_1_233' title='bbox 1351 3337 1519 3423; x_wconf 74' lang='lat' dir='ltr'>&#39;sbssgurij²</span> 
     </span>
     <span class='ocr_line' id='line_1_29' title="bbox 389 3441 1518 3530; baseline -0.001 -21"><span class='ocrx_word' id='word_1_234' title='bbox 389 3444 520 3510; x_wconf 88' lang='lat' dir='ltr'>domino</span> <span class='ocrx_word' id='word_1_235' title='bbox 536 3443 699 3510; x_wconf 80' lang='lat' dir='ltr'>Jennicba</span> <span class='ocrx_word' id='word_1_236' title='bbox 716 3441 871 3529; x_wconf 82' lang='lat' dir='ltr'>Oasiooti,</span> <span class='ocrx_word' id='word_1_237' title='bbox 895 3443 1027 3510; x_wconf 87' lang='lat' dir='ltr'>domino</span> <span class='ocrx_word' id='word_1_238' title='bbox 1042 3444 1162 3530; x_wconf 88' lang='lat' dir='ltr'>Dujmo</span> <span class='ocrx_word' id='word_1_239' title='bbox 1178 3442 1220 3509; x_wconf 85' lang='lat' dir='ltr'>de</span> <span class='ocrx_word' id='word_1_240' title='bbox 1235 3443 1357 3528; x_wconf 81' lang='lat' dir='ltr'>Geghe,</span> <span class='ocrx_word' id='word_1_241' title='bbox 1384 3445 1518 3510; x_wconf 75' lang='lat' dir='ltr'>Donato</span> 
     </span>
     <span class='ocr_line' id='line_1_30' title="bbox 389 3549 1192 3636; baseline 0 -20"><span class='ocrx_word' id='word_1_242' title='bbox 389 3549 550 3636; x_wconf 85' lang='lat' dir='ltr'>Soledini,</span> <span class='ocrx_word' id='word_1_243' title='bbox 566 3550 683 3617; x_wconf 86' lang='lat' dir='ltr'>Nicola</span> <span class='ocrx_word' id='word_1_244' title='bbox 699 3551 823 3636; x_wconf 80' lang='lat' dir='ltr'>Jacobi,</span> <span class='ocrx_word' id='word_1_245' title='bbox 840 3558 873 3618; x_wconf 91' lang='lat' dir='ltr'>et</span> <span class='ocrx_word' id='word_1_246' title='bbox 889 3551 1051 3618; x_wconf 83' lang='lat' dir='ltr'>Bertsnno</span> <span class='ocrx_word' id='word_1_247' title='bbox 1067 3551 1192 3616; x_wconf 75' lang='lat' dir='ltr'>Marini,</span> 
     </span>
     <span class='ocr_line' id='line_1_31' title="bbox 497 3657 1518 3742; baseline 0.005 -20"><span class='ocrx_word' id='word_1_248' title='bbox 497 3659 566 3742; x_wconf 87' lang='lat' dir='ltr'>Ego</span> <span class='ocrx_word' id='word_1_249' title='bbox 583 3660 740 3726; x_wconf 86' lang='lat' dir='ltr'>Silnester</span> <span class='ocrx_word' id='word_1_250' title='bbox 757 3659 797 3726; x_wconf 88' lang='lat' dir='ltr'>de</span> <span class='ocrx_word' id='word_1_251' title='bbox 814 3657 897 3727; x_wconf 91' lang='lat' dir='ltr'>Urso</span> <span class='ocrx_word' id='word_1_252' title='bbox 913 3661 1116 3728; x_wconf 80' lang='lat' dir='ltr'>examinator</span> <span class='ocrx_word' id='word_1_253' title='bbox 1131 3680 1262 3726; x_wconf 83' lang='lat' dir='ltr'>manum</span> <span class='ocrx_word' id='word_1_254' title='bbox 1278 3678 1385 3726; x_wconf 87' lang='lat' dir='ltr'>meem</span> <span class='ocrx_word' id='word_1_255' title='bbox 1412 3659 1518 3727; x_wconf 90' lang='lat' dir='ltr'>mitto.</span> 
     </span>
     <span class='ocr_line' id='line_1_32' title="bbox 473 3763 1506 3852; baseline -0.002 -18"><span class='ocrx_word' id='word_1_256' title='bbox 473 3763 476 3769; x_wconf 74' lang='grc'><strong>’</strong></span> <span class='ocrx_word' id='word_1_257' title='bbox 497 3768 538 3834; x_wconf 86' lang='lat' dir='ltr'>Et</span> <span class='ocrx_word' id='word_1_258' title='bbox 553 3787 615 3852; x_wconf 77' lang='lat' dir='ltr'>ego</span> <span class='ocrx_word' id='word_1_259' title='bbox 634 3769 863 3836; x_wconf 80' lang='lat' dir='ltr'>Beneventum</span> <span class='ocrx_word' id='word_1_260' title='bbox 878 3771 969 3836; x_wconf 84' lang='lat' dir='ltr'>Petri</span> <span class='ocrx_word' id='word_1_261' title='bbox 994 3769 1075 3836; x_wconf 90' lang='lat' dir='ltr'>ciuis</span> <span class='ocrx_word' id='word_1_262' title='bbox 1108 3768 1344 3852; x_wconf 76' lang='lat' dir='ltr'>Anconitanus,</span> <span class='ocrx_word' id='word_1_263' title='bbox 1376 3769 1506 3834; x_wconf 84' lang='lat' dir='ltr'>auctori</span> 
     </span>
     <span class='ocr_line' id='line_1_33' title="bbox 392 3872 1519 3962; baseline 0.003 -23"><span class='ocrx_word' id='word_1_264' title='bbox 392 3880 461 3940; x_wconf 83' lang='lat' dir='ltr'>tote</span> <span class='ocrx_word' id='word_1_265' title='bbox 478 3872 598 3941; x_wconf 89' lang='lat' dir='ltr'>domini</span> <span class='ocrx_word' id='word_1_266' title='bbox 614 3874 704 3962; x_wconf 85' lang='lat' dir='ltr'>Pape</span> <span class='ocrx_word' id='word_1_267' title='bbox 720 3875 885 3959; x_wconf 85' lang='lat' dir='ltr'>Notarius,</span> <span class='ocrx_word' id='word_1_268' title='bbox 914 3885 945 3944; x_wconf 90' lang='lat' dir='ltr'>et</span> <span class='ocrx_word' id='word_1_269' title='bbox 960 3897 1045 3943; x_wconf 93' lang='lat' dir='ltr'>nunc</span> <span class='ocrx_word' id='word_1_270' title='bbox 1061 3877 1216 3943; x_wconf 80' lang='lat' dir='ltr'>Notarius</span> <span class='ocrx_word' id='word_1_271' title='bbox 1230 3875 1420 3942; x_wconf 81' lang='lat' dir='ltr'>Communis</span> <span class='ocrx_word' id='word_1_272' title='bbox 1436 3875 1519 3942; x_wconf 78' lang='lat' dir='ltr'>&#39;Eru-</span> 
     </span>
     <span class='ocr_line' id='line_1_34' title="bbox 390 3981 1520 4070; baseline -0.002 -21"><span class='ocrx_word' id='word_1_273' title='bbox 390 3983 486 4067; x_wconf 85' lang='lat' dir='ltr'>gnrii,</span> <span class='ocrx_word' id='word_1_274' title='bbox 504 3981 553 4050; x_wconf 88' lang='lat' dir='ltr'>bis</span> <span class='ocrx_word' id='word_1_275' title='bbox 570 3983 719 4049; x_wconf 91' lang='lat' dir='ltr'>omnibns</span> <span class='ocrx_word' id='word_1_276' title='bbox 734 3982 877 4070; x_wconf 84' lang='lat' dir='ltr'>interfui,</span> <span class='ocrx_word' id='word_1_277' title='bbox 894 3993 928 4051; x_wconf 90' lang='lat' dir='ltr'>et</span> <span class='ocrx_word' id='word_1_278' title='bbox 944 3993 1077 4068; x_wconf 81' lang='lat' dir='ltr'>rogetus</span> <span class='ocrx_word' id='word_1_279' title='bbox 1105 4007 1125 4051; x_wconf 84' lang='lat' dir='ltr'>a</span> <span class='ocrx_word' id='word_1_280' title='bbox 1156 3984 1243 4051; x_wconf 87' lang='lat' dir='ltr'>dicto</span> <span class='ocrx_word' id='word_1_281' title='bbox 1274 3983 1408 4051; x_wconf 85' lang='lat' dir='ltr'>domino</span> <span class='ocrx_word' id='word_1_282' title='bbox 1443 3981 1520 4068; x_wconf 89' lang='lat' dir='ltr'>Epi-</span> 
     </span>
     <span class='ocr_line' id='line_1_35' title="bbox 391 4090 1519 4178; baseline -0.001 -21"><span class='ocrx_word' id='word_1_283' title='bbox 391 4109 500 4178; x_wconf 85' lang='lat' dir='ltr'>scopo,</span> <span class='ocrx_word' id='word_1_284' title='bbox 516 4095 549 4157; x_wconf 94' lang='lat' dir='ltr'>et</span> <span class='ocrx_word' id='word_1_285' title='bbox 563 4109 585 4155; x_wconf 83' lang='grc' dir='ltr'>ι</span> <span class='ocrx_word' id='word_1_286' title='bbox 600 4090 694 4158; x_wconf 86' lang='lat' dir='ltr'>dictis</span> <span class='ocrx_word' id='word_1_287' title='bbox 711 4091 898 4159; x_wconf 80' lang='lat' dir='ltr'>Guerdiono</span> <span class='ocrx_word' id='word_1_288' title='bbox 916 4101 949 4158; x_wconf 91' lang='lat' dir='ltr'>et</span> <span class='ocrx_word' id='word_1_289' title='bbox 966 4095 1226 4178; x_wconf 84' lang='lat' dir='ltr'>procuratoribus</span> <span class='ocrx_word' id='word_1_290' title='bbox 1242 4091 1362 4176; x_wconf 86' lang='lat' dir='ltr'>scripsi</span> <span class='ocrx_word' id='word_1_291' title='bbox 1371 4099 1407 4157; x_wconf 92' lang='lat' dir='ltr'>et</span> <span class='ocrx_word' id='word_1_292' title='bbox 1416 4092 1519 4176; x_wconf 87' lang='lat' dir='ltr'>pubii-</span> 
     </span>
     <span class='ocr_line' id='line_1_36' title="bbox 391 4197 541 4265; baseline -0.013 -1"><span class='ocrx_word' id='word_1_293' title='bbox 391 4197 463 4264; x_wconf 79' lang='lat' dir='ltr'>caui</span> <span class='ocrx_word' id='word_1_294' title='bbox 480 4205 541 4265; x_wconf 90' lang='lat' dir='ltr'>etc.</span> 
     </span>
    </p>
   </div>
   <div class='ocr_carea' id='block_1_3' title="bbox 623 4395 1299 4462">
    <p class='ocr_par' dir='ltr' id='par_1_3' title="bbox 623 4395 1299 4462">
     <span class='ocr_line' id='line_1_37' title="bbox 623 4395 1299 4462; baseline 0 -14"><span class='ocrx_word' id='word_1_295' title='bbox 623 4395 741 4456; x_wconf 79' lang='lat' dir='ltr'>(Earloti</span> <span class='ocrx_word' id='word_1_296' title='bbox 760 4398 907 4462; x_wconf 80' lang='lat' dir='ltr'>Illyricum</span> <span class='ocrx_word' id='word_1_297' title='bbox 930 4398 1046 4452; x_wconf 76' lang='lat' dir='ltr'>Sacrum</span> <span class='ocrx_word' id='word_1_298' title='bbox 1060 4397 1181 4450; x_wconf 80' lang='lat' dir='ltr'>1v.kot.</span> <span class='ocrx_word' id='word_1_299' title='bbox 1195 4399 1255 4446; x_wconf 83' lang='grc'><strong>347.</strong></span> <span class='ocrx_word' id='word_1_300' title='bbox 1268 4397 1299 4460; x_wconf 85' lang='lat' dir='ltr'>l.)</span> 
     </span>
    </p>
   </div>
   <div class='ocr_carea' id='block_1_4' title="bbox 817 4597 1070 4610">
    <p class='ocr_par' dir='ltr' id='par_1_4' title="bbox 817 4597 1070 4610">
     <span class='ocr_line' id='line_1_38' title="bbox 817 4597 1070 4610; baseline 0.004 -2"><span class='ocrx_word' id='word_1_301' title='bbox 817 4597 1070 4610; x_wconf 49' lang='lat' dir='ltr'><strong>——n—d———d</strong></span> 
     </span>
    </p>
   </div>
   <div class='ocr_carea' id='block_1_5' title="bbox 0 0 1608 5184">
    <p class='ocr_par' dir='ltr' id='par_1_5' title="bbox 0 0 1608 5184">
     <span class='ocr_line' id='line_1_39' title="bbox 0 0 1608 5184; baseline 0 1"><span class='ocrx_word' id='word_1_302' title='bbox 0 0 1608 5184; x_wconf 95' lang='lat' dir='ltr'> </span> 
     </span>
    </p>
   </div>
  </div>
 </body>
</html>
