3116 5178
916 953 991 1024 ibo.

374 1149 417 1216 A
443 1152 595 1219 celcacrei
619 1151 756 1238 depcrek
782 1151 916 1218 kltlbn'dr
941 1152 1131 1238 kiodvdnyo
1164 1173 1359 1236 rrpyocczoa
1388 1152 1500 1239 itpybm

899 1258 999 1328 1248.

492 1455 561 1522 llos
578 1453 654 1522 Dnr
670 1473 742 1522 cunr
759 1463 868 1524 noatro
885 1453 1030 1522 Consilio
1057 1455 1187 1522 nomine
1204 1457 1393 1524 Communis
1411 1457 1498 1524 Vene-

371 1561 523 1630 clarium
554 1582 595 1630 ex
626 1581 693 1629 una
710 1569 817 1648 parte,
834 1569 866 1628 et
881 1564 985 1630 iratur
1000 1562 1144 1630 Jacobus
1159 1563 1201 1630 de
1223 1563 1415 1636 Turrisellis
1430 1584 1497 1630 nun·
1542 1605 1547 1610 -

370 1665 454 1734 cius
470 1665 594 1735 domini
610 1666 721 1736 fratris
738 1668 882 1736 Guielmi
899 1670 940 1735 de
953 1670 1066 1755 Souar,
1084 1670 1233 1752 Magistri
1249 1673 1380 1738 Domus
1396 1671 1499 1738 Milicic

383 1775 525 1862 Templi,
540 1779 673 1844 nomine
688 1777 791 1862 ipsius
809 1786 840 1844 et
857 1777 943 1846 dicte
959 1779 1083 1846 Domus
1100 1797 1141 1845 ex
1158 1777 1272 1867 altera,
1289 1779 1387 1847 robis
1400 1779 1501 1864 Procn-

356 1929 361 1938 .
386 1882 547 1950 ratoribns
563 1881 674 1952 Sancti
690 1885 791 1951 Marci
808 1885 1066 1953 recordationem
1097 1885 1245 1966 iacimus,
1263 1886 1345 1970 quia
1360 1890 1495 1972 ponimns

383 1993 481 2059 uobis
498 1990 532 2056 iu
549 1991 868 2062 commendacionem
885 1994 969 2061 duas
983 2001 1094 2062 cartas
1109 1997 1281 2062 roboratas
1298 2003 1335 2062 et
1349 1993 1494 2078 sigillatos

341 2159 345 2173 ,
371 2098 553 2166 concordie
587 2101 669 2168 inite
699 2100 786 2170 iuter
812 2121 870 2169 uos
887 2103 1013 2170 Ducem
1031 2105 1160 2170 nomine
1177 2102 1368 2170 Communis
1383 2098 1498 2168 Veneti·

383 2225 475 2274 arum
492 2223 533 2273 cx
550 2228 616 2276 uua
639 2216 743 2294 parte,
757 2217 793 2278 et
809 2229 861 2275 me
876 2207 1008 2275 fratrem
1025 2210 1183 2278 Jacobum
1201 2229 1242 2276 ex
1258 2210 1368 2277 altera
1382 2207 1496 2274 nomine

378 2321 416 2380 et
431 2315 503 2380 vice
535 2315 613 2382 dicti
640 2315 792 2400 Magistri
818 2323 850 2384 et
880 2317 1004 2385 Domus
1020 2316 1142 2384 Milicie
1157 2316 1286 2402 Templi
1301 2337 1403 2404 super
1423 2315 1497 2380 iam·

381 2422 458 2507 puis
474 2421 560 2490 (latis
577 2425 810 2492 mercatoribus
827 2423 973 2512 Venetis,
1006 2423 1221 2509 Veglensibus
1251 2431 1284 2490 ct
1316 2423 1499 2491 Arbensibus

382 2528 416 2594 in
432 2527 695 2598 civitoteSemne
712 2529 862 2618 (Sennie)
879 2532 956 2600 olim
973 2539 1120 2619 tempore
1139 2533 1304 2619 captionis
1319 2541 1353 2600 et
1368 2532 1496 2600 combas·

376 2632 480 2704 tionis
510 2638 614 2723 ipsius
644 2638 802 2726 civitatis,
833 2647 977 2724 tempore
1009 2639 1165 2706 videlicet
1195 2639 1307 2707 fratris
1340 2633 1494 2706 Rambaioi

375 2742 428 2812 »dc
445 2745 578 2830 Corone,
596 2746 744 2831 Magistri
771 2745 961 2830 Hungarici,
994 2753 1027 2813 ot
1051 2746 1180 2834 ceteris,
1211 2753 1246 2813 ut
1262 2747 1297 2813 iu
1314 2745 1403 2814 dicta
1417 2748 1493 2812 carta

376 2854 553 2922 concordie
584 2857 778 2941 continetur,
794 2862 827 2924 et
843 2853 1009 2939 quandam
1035 2855 1165 2922 literam
1190 2861 1304 2922 nostro
1319 2854 1428 2940 sigillo
1441 2870 1496 2919 nru-

381 2961 497 3043 uitsm,
514 2981 611 3045 quam
627 2982 686 3029 nos
711 2965 787 3028 Dux
803 2959 979 3045 dirigimus
1004 2961 1121 3030 Oomiti
1138 2970 1171 3030 et
1186 2962 1395 3030 Oonsiliariis
1409 2957 1494 3044 Veglc
1552 2957 1554 3042 ξ

382 3068 593 3155 precipiendo
626 3090 684 3155 per
700 3076 951 3156 sacramentum,
985 3075 1020 3136 ut
1034 3069 1190 3138 ,iratribus
1221 3070 1347 3139 Milicie
1377 3065 1498 3152 Templi,
1551 3071 1554 3164 i

378 3179 438 3263 qni
452 3177 623 3262 fugiebant
638 3197 660 3244 a
689 3177 846 3262 Tartaris,
861 3185 895 3245 et
909 3179 1108 3247 Monasterio
1134 3176 1246 3245 Sancti
1263 3177 1398 3262 Georgi
1412 3193 1496 3261 snper

381 3286 532 3374 dampnis
565 3284 653 3352 datis
684 3285 808 3352 eisdem
825 3305 884 3372 per
901 3287 1048 3354 homiues
1064 3286 1178 3371 Beglie
1195 3291 1398 3373 cognoscant
1411 3290 1442 3350 et
1453 3282 1495 3347 ius

380 3389 503 3462 saciant
535 3393 595 3460 tali
627 3393 757 3477 quidem
773 3393 986 3480 condictione,
1015 3395 1100 3480 qnod
1115 3395 1143 3462 si
1160 3395 1203 3462 ab
1219 3395 1282 3461 isto
1299 3392 1385 3460 sesto
1399 3387 1499 3458 Sancti
1548 3429 1554 3512 1

381 3499 471 3568 Petri
503 3500 649 3584 proximo
681 3501 801 3568 mensis
826 3501 916 3569 lunii
949 3522 1052 3588 usqne
1075 3500 1362 3570 adalindiestum
1394 3497 1496 3568 Sancti

375 3607 467 3674 ¹Petri
500 3608 667 3692 sequentis
698 3608 840 3676 eiusdem
873 3612 997 3678 mensis
1027 3609 1133 3678 dictus
1163 3609 1322 3694 Magister
1356 3608 1408 3674 uel
1436 3605 1497 3674 eins
1548 3601 1554 3678 f*

380 3733 551 3784 successor
576 3715 700 3783 miserit
716 3701 755 3784 ac
771 3716 842 3784 dari
859 3725 891 3784 et
906 3719 1095 3801 consignari
1121 3717 1235 3784 lecerit
1248 3717 1345 3783 vobis
1361 3733 1497 3799 procura·

380 3821 504 3892 toribus
518 3825 749 3911 recipientibus
764 3825 893 3892 nomine
909 3825 1010 3892 nostri
1028 3826 1129 3892 Ducis
1146 3832 1178 3892 ct
1203 3820 1496 3891 communnione

380 3935 504 4004 ciarum
536 3939 659 4000 cartam
689 3952 746 3998 seu
773 3932 900 3998 litteras
917 3932 1027 4018 sigillo
1045 3933 1168 4000 Domus
1184 3931 1305 3998 Milicie
1321 3930 1445 4015 Templi
1459 3926 1494 3994 si·
1553 3995 1554 3998 ,

380 4041 525 4128 gilletus,
543 4039 746 4106 continentes
762 4036 900 4105 formam
928 4038 1014 4106 dicte
1037 4037 1216 4121 concordie,
1233 4047 1264 4105 et
1281 4037 1494 4104 confirmantes

380 4148 588 4218 concordiam
619 4145 874 4232 suprascriptam
885 4198 895 4232 ,
929 4155 959 4214 et
998 4147 1221 4232 promittentes
1261 4147 1365 4231 ipsam
1403 4149 1495 4209 atton·

379 4261 456 4327 (lere
497 4261 530 4322 et
567 4255 741 4321 observare
773 4262 805 4320 et
845 4254 891 4322 sic
929 4257 1079 4340 solvere,
1129 4263 1163 4323 ut
1200 4257 1234 4320 in
1267 4253 1365 4320 dictis
1403 4249 1491 4318 cartis
1553 4283 1554 4288 κ

379 4363 555 4436 concordie
587 4363 780 4441 continetur,
813 4368 890 4430 tunc
908 4383 963 4430 vos
992 4370 1220 4450 procuratores
1236 4382 1333 4429 unam
1351 4383 1390 4430 cx
1407 4358 1493 4424 dictis
1553 4441 1554 4446 ἵ

377 4477 478 4542 cartis
495 4476 528 4536 et
543 4469 661 4536 dictam
679 4468 806 4536 literam
823 4470 909 4538 dicto
926 4472 1081 4558 Magistro
1097 4472 1148 4538 vel
1165 4471 1236 4537 eius
1253 4468 1429 4536 successori
1444 4469 1491 4532 sut

380 4577 597 4662 cinianum-io,
631 4576 686 4660 qni
717 4575 837 4646 dictam
870 4585 989 4648 cartam
1026 4600 1083 4648 seu
1116 4581 1241 4648 litteras
1258 4577 1366 4661 sigillo
1381 4575 1493 4642 Domus
1553 4645 1554 4648 ,
