3160 5208
391 433 578 505 emerserint
595 440 627 503 in
659 437 798 524 Bannto,
830 460 888 506 nec
920 438 1070 514 Banatui,
1101 458 1161 502 nee
1191 435 1356 504 Visebano
1388 434 1505 506 solvere

391 555 573 631 tencantur,
604 548 661 612 sed
696 545 839 612 Ecclesia
878 545 1110 613 tantummodo.
1153 545 1203 610 Ad
1229 547 1382 612 maiorem
1411 546 1504 610 ceiam

392 655 555 721 cantelam
573 653 677 720 dictas
693 653 794 719 terras
812 671 870 736 per
886 651 1033 738 superins
1049 651 1249 718 nominatum
1266 651 1396 716 Iteinolt
1413 653 1502 717 certis

393 761 552 828 limitibus
577 761 720 844 undiquc
751 760 906 843 distinqui
937 758 1153 846 precepimus.
1182 757 1292 824 Prima
1316 757 1413 840 igitur
1429 769 1506 824 terre

391 871 500 938 Rodos
526 875 613 935 meta
641 869 805 953 egreditur
831 867 873 933 dc
889 868 997 953 Serva,
1015 876 1045 934 et
1060 867 1150 935 venit
1166 887 1236 934 cum
1264 867 1357 933 metis
1374 867 1416 932 de
1431 872 1508 932 terra

394 980 573 1062 assignatis
589 977 632 1043 ad
650 975 806 1044 fossatam
822 976 932 1042 Mlaea
949 995 1050 1060 usquc
1067 976 1107 1040 ad
1133 974 1231 1059 viam,
1249 974 1324 1041 inde
1341 975 1507 1042 reflectitur

392 1105 505 1154 versos
531 1084 715 1170 aquilonem
741 1093 776 1152 et
800 1083 905 1150 tendit
931 1104 987 1168 per
1013 1090 1115 1150 motas
1132 1084 1165 1148 in
1192 1082 1322 1166 longum
1348 1083 1461 1168 issam,
1477 1083 1505 1147 in

391 1216 457 1282 qna
473 1193 598 1260 diucius
617 1192 709 1260 radit
725 1213 783 1279 per
798 1200 903 1258 metas
913 1191 956 1258 ad
971 1191 1123 1257 arborem·
1136 1192 1239 1278 naria,
1256 1191 1331 1258 inde
1347 1192 1382 1256 in
1398 1211 1508 1274 magna

392 1303 445 1371 via
461 1302 505 1372 ad
521 1305 670 1370 arborem
687 1305 779 1388 tutta,
797 1306 856 1370 sub
874 1322 939 1386 qua
955 1311 1005 1369 est
1020 1310 1107 1369 meta
1123 1311 1238 1387 terrea,
1258 1301 1332 1368 inde
1348 1303 1382 1367 in
1400 1301 1503 1368 eaden

393 1412 447 1480 ria
462 1411 555 1478 vadit
570 1433 628 1497 ρετ
644 1417 746 1477 metas
762 1431 864 1495 usquc
881 1411 924 1476 ad
939 1412 1094 1478 terminos
1112 1408 1270 1496 Girymla,
1287 1429 1349 1493 que
1365 1415 1416 1474 est
1430 1417 1506 1474 terra

353 1513 356 1522 ⁴
392 1521 534 1588 eiusdem
550 1520 696 1586 Ecclesic
707 1519 749 1585 ab
760 1519 905 1601 antiqno,
915 1538 1041 1605 semper
1057 1517 1209 1584 adextris
1219 1524 1306 1585 terra
1323 1517 1505 1600 populorum

390 1628 492 1712 Regis
522 1634 719 1714 remanente,
744 1647 765 1692 a
796 1627 938 1694 sinistris
968 1646 1043 1693 vero
1061 1624 1224 1710 Ecclesic3
1243 1626 1319 1691 inde
1344 1625 1508 1693 reflectitur

391 1755 504 1802 versus
520 1733 719 1803 occidentem
736 1741 768 1801 ct
784 1736 877 1800 metis
893 1734 1079 1818 assignatis,
1103 1741 1169 1799 tarn
1186 1733 1245 1799 snb
1255 1734 1336 1818 piro,
1348 1753 1445 1817 quarn
1456 1735 1507 1801 snb

394 1844 468 1911 aliis
479 1843 649 1911 arboribus
660 1844 712 1910 vel
723 1843 756 1908 in
767 1843 891 1926 campis
907 1840 1042 1908 tendens
1058 1841 1193 1924 dinoins,
1219 1841 1395 1908 reclinatur
1411 1861 1510 1907 sensns

393 1951 570 2036 meridiem,
581 1959 673 2038 etper
688 1948 941 2020 metasvaditad
953 1950 1069 2035 pirum,
1081 1948 1139 2014 snb
1151 1957 1273 2032 quaest
1284 1957 1382 2032 meta,
1393 1951 1509 2016 transit·

393 2078 455 2144 qne
465 2058 628 2142 aquamad
639 2059 828 2126 sambucum
840 2057 893 2124 nbi
904 2063 954 2123 est
965 2062 1061 2141 meta,
1071 2055 1147 2122 inde
1155 2055 1246 2123 vadit
1255 2057 1297 2122 ad
1306 2059 1453 2125 arborem
1468 2077 1510 2124 ce

391 2168 459 2234 rasi
468 2168 560 2234 iuxta
576 2185 672 2248 qnam
684 2166 718 2233 in
730 2166 844 2232 eadem
855 2185 942 2249 aqua
952 2164 1116 2250 paululum
1127 2163 1263 2231 tendens
1273 2166 1424 2250 superins
1433 2155 1511 2230 vadit
1548 2155 1553 2162 ’

392 2273 436 2341 ad
452 2273 557 2359 naria,
582 2272 662 2341 inde
686 2295 744 2358 per
770 2281 874 2340 motas
901 2280 966 2339 tam
999 2280 1121 2339 terreas
1147 2292 1243 2355 quam
1269 2272 1407 2340 arbores
1422 2273 1510 2339 intrat
1576 2289 1577 2292 ’

392 2383 532 2466 Sowam,
547 2402 673 2468 semper
689 2403 710 2448 a
724 2382 847 2448 dextris
864 2390 895 2448 ct
911 2402 931 2446 a
953 2381 1096 2448 sinistris
1111 2380 1257 2448 Ecclesie
1273 2381 1506 2465 pertinentibus
1576 2417 1578 2422 ,

393 2497 425 2555 et
458 2493 492 2556 in
524 2489 620 2558 Sowa
651 2497 738 2558 meta
769 2489 860 2556 vadit
889 2489 1023 2557 interius
1039 2489 1124 2555 unde
1149 2488 1240 2574 prins
1256 2499 1468 2574 processerat,
1483 2498 1510 2556 et
1577 2525 1578 2530 =

394 2597 551 2665 medietas
568 2591 654 2681 aqn'e
680 2597 774 2666 Serve
790 2598 928 2684 pertinet
954 2595 997 2663 ad
1013 2596 1205 2664 Ecclesiam.
1231 2597 1312 2664 Item
1328 2607 1419 2666 meta
1433 2606 1509 2666 terro

394 2705 506 2791 (inpnc
539 2715 570 2772 et
611 2711 697 2772 terre
727 2705 861 2772 Widnse
901 2706 1016 2790 incipit
1048 2707 1089 2772 ab
1122 2706 1245 2772 oriente
1284 2706 1379 2772 iuxta
1411 2717 1504 2776 metas

392 2813 549 2899 Episcopi
565 2813 624 2880 sub
641 2834 770 2899 quercu,
788 2813 865 2881 inde
881 2813 972 2880 vadit
988 2813 1030 2880 ad
1046 2814 1169 2880 silicem
1196 2816 1256 2881 snb
1281 2835 1346 2898 qua
1361 2825 1415 2883 est
1430 2825 1505 2884 meta

393 2922 486 2988 iuxta
518 2942 649 3007 aquam,
683 2922 757 2989 inde
788 2921 880 2989 vadit
911 2943 970 3008 per
1000 2929 1105 2989 metas
1136 2941 1248 2990 versus
1274 2923 1460 3006 aquilonem
1473 2925 1508 2992 ad

392 3036 523 3120 puteum
540 3029 717 3119 Lnbawod,
733 3031 790 3097 ubi
807 3040 856 3098 est
881 3037 967 3098 meta
984 3031 1043 3098 snb
1060 3031 1143 3117 piro,
1159 3029 1234 3096 inde
1250 3031 1342 3098 vadit
1357 3055 1420 3119 per
1435 3036 1507 3099 riam
1574 3067 1577 3076 o

393 3139 445 3230 ad·
453 3159 608 3206 cacumen
627 3140 735 3221 magni
751 3139 870 3206 montis
888 3139 944 3205 ubi
962 3145 1011 3204 cst
1021 3144 1107 3204 meta
1125 3145 1158 3204 et
1169 3135 1357 3224 (in)verticc
1373 3141 1507 3210 ciusdem
1574 3173 1577 3182 =

393 3247 511 3313 montis
529 3246 619 3311 vadit
636 3246 677 3310 ad
694 3246 870 3331 Jazanouo,
898 3266 973 3331 pars
990 3243 1108 3311 montis
1125 3244 1301 3332 asinistris
1319 3250 1462 3329 pertinet
1473 3249 1510 3318 ad

393 3354 582 3432 Ecclesiam,
613 3351 690 3419 inde
717 3352 883 3420 descendit
915 3375 971 3438 per
1004 3361 1109 3419 metas
1142 3373 1254 3421 versus
1286 3355 1451 3444 meridiem
1474 3356 1510 3424 ad
1575 3397 1576 3400 =

392 3469 535 3549 puteum,
568 3459 644 3526 inde
675 3459 777 3527 intrat
809 3481 927 3544 aquarn
959 3463 1075 3527 Blicna
1105 3461 1139 3525 in
1172 3483 1236 3545 qua
1266 3463 1357 3531 vadit
1383 3464 1509 3534 inferius

393 3566 518 3632 [tinnius
546 3573 578 3632 et
602 3566 711 3632 exiens
737 3567 777 3634 de
804 3589 889 3653 aqua
915 3569 1064 3635 ascendit
1080 3576 1218 3636 montem
1248 3570 1376 3640 Sterma
1394 3595 1462 3664 pec,
1477 3573 1511 3640 dc

393 3693 457 3758 quo
483 3672 651 3740 descendit
676 3693 734 3758 per
762 3685 864 3743 metas
889 3676 932 3744 ad
957 3684 1098 3761 putenm,
1115 3677 1192 3744 inde
1209 3679 1373 3748 transiens
1399 3685 1509 3750 vallem

392 3780 542 3846 ascendit
559 3787 688 3847 monten
706 3781 749 3849 ad
766 3790 883 3851 metam
903 3786 936 3850 in
963 3805 1027 3868 qno
1043 3785 1134 3852 radit
1159 3786 1326 3872 paululum
1342 3810 1402 3876 ρετ
1419 3801 1512 3858 metas

394 3894 427 3954 st
456 3887 624 3956 descendit
653 3890 696 3957 ad
727 3891 857 3959 sorbum
890 3901 1002 3962 tenens
1036 3901 1138 3970 meta-s
1171 3916 1242 3962 cnm
1277 3892 1412 3985 Ηετεες,
1444 3900 1511 3967 inde

392 3997 559 4066 descendit
575 3999 608 4066 in
624 3999 887 4088 Blizna-potoka,
920 4004 1032 4086 inquo
1058 4004 1237 4089 procedens
1262 4006 1429 4090 paululum
1453 4009 1513 4075 erit

391 4104 435 4172 ad
451 4107 539 4174 viam
554 4109 752 4194 Struscogoy
770 4129 828 4195 per
855 4131 952 4196 quam
978 4131 1037 4195 per
1068 4120 1173 4180 metas
1204 4113 1295 4180 vadit
1327 4116 1369 4183 ad
1402 4138 1512 4202 aquam

391 4215 527 4303 chhsr,
544 4224 657 4283 tenens
674 4223 778 4284 metas
795 4238 868 4285 cum
886 4220 1014 4305 populis
1032 4220 1140 4307 Regis,
1164 4219 1241 4288 inde
1266 4229 1514 4295 conterminatnr

392 4329 476 4391 terre
492 4331 727 4409 prememorato
740 4326 885 4396 Ecclesie
902 4330 1076 4416 antiqnori,
1093 4350 1220 4415 semper
1236 4353 1257 4398 a
1272 4332 1418 4402 sinistris
1435 4343 1513 4404 meta

391 4435 562 4516 spectante
594 4433 749 4500 Ecclesia
793 4437 873 4502 Item
906 4444 991 4504 meta
1031 4445 1115 4506 terre
1145 4441 1297 4510 Bratonis
1330 4443 1448 4531 incipit
1476 4447 1513 4510 ab

391 4536 557 4608 occidente
569 4540 610 4606 de
625 4560 746 4624 quercu
762 4550 795 4610 et
812 4542 915 4609 tendit
930 4563 1042 4612 versos
1053 4546 1208 4614 orientem
1225 4545 1330 4618 invia
1346 4551 1388 4618 ad
1406 4554 1513 4640 pirum,
