3206 5184
835 977 910 1045 377.

309 1178 465 1244 Aoctradr
494 1179 652 1264 l.··lptalua
684 1178 829 1243 Zosimus
860 1177 982 1241 adradi
1010 1180 1137 1264 ptlcpdk
1168 1178 1444 1262 bizoayitcu'nya't

398 1287 536 1351 Probent
553 1309 653 1352 comes
677 1286 806 1371 aey'dnek
822 1284 1090 1369 adprendelrtc'rdl
1106 1289 1220 1372 dticju.
1245 1285 1344 1352 1263.

311 1482 346 1543 (A
365 1485 526 1550 grofzichy
536 1486 630 1536 cealad
643 1483 836 1548 Okmdnyttra
850 1482 871 1532 1.
885 1483 943 1533 ket.
961 1487 1000 1533 13.
1015 1487 1031 1534 l.
1053 1487 1133 1551 Nagy
1148 1484 1221 1534 Imre
1234 1484 1438 1547 kdzlemenye.)

742 1771 869 1780 -—-
893 1773 1010 1780 ..u-

316 2503 375 2569 IV.
392 2505 599 2590 Relatio-aly
614 2507 852 2592 pricilepiumu
883 2530 904 2569 a
936 2505 1061 2588 berdayu'
1091 2505 1249 2592 ccadtpet
1280 2512 1443 2574 caliendra.

828 2615 924 2680 1264.

422 2807 501 2873 Bela
517 2809 579 2873 Dei
597 2809 709 2894 gracia
734 2806 911 2891 Hungarie,
929 2807 1107 2892 Delmacie,
1134 2805 1298 2888 Orouacie,
1331 2808 1445 2892 Reme,

314 2915 436 3004 Seruie,
455 2915 600 2998 (laeticie,
616 2917 809 2982 Lodomerie
826 2915 1046 2998 (lumenieque
1062 2916 1133 2980 Rex
1149 2905 1311 2981 vntucrsis
1323 2913 1446 2980 Christi

315 3021 462 3089 fidelibus
479 3044 612 3108 presens
629 3025 784 3114 scriptum
803 3024 999 3110 inspecturis
1015 3024 1155 3089 salutem
1180 3026 1214 3088 in
1246 3043 1324 3088 vero
1356 3022 1445 3088 salu-

314 3132 388 3197 tari.
411 3133 536 3216 Regum
553 3135 692 3218 pertinet
707 3135 750 3199 ad
767 3133 1007 3219 excellenciam,
1025 3139 1057 3198 et
1073 3132 1314 3198 dominantium
1326 3151 1445 3198 conrue-

315 3240 363 3304 nit
380 3241 541 3329 dignitati,
558 3250 649 3308 tanto
664 3241 803 3326 amplius
820 3243 861 3308 de
878 3241 1010 3307 maioris
1026 3240 1132 3326 plebis
1148 3261 1280 3306 numero
1297 3241 1445 3324 gloriari,

315 3357 435 3431 quanto
451 3351 592 3434 ipsorum
610 3350 747 3434 gloriam
765 3371 805 3415 ex
823 3350 934 3435 populi
951 3349 1157 3415 multitudine
1175 3355 1300 3414 constat
1312 3347 1444 3415 vberius

315 3460 529 3541 augmentari.
553 3455 639 3523 Hinc
658 3465 716 3543 est,
732 3458 820 3543 quod
837 3457 1059 3524 uniuersorum
1087 3457 1206 3522 noticia
1232 3464 1343 3523 tenore
1376 3475 1446 3540 pre-

316 3565 456 3630 sencium
477 3567 622 3634 volumus
640 3566 708 3632 fieri
724 3566 940 3648 manifestum,
956 3565 1041 3648 quod
1057 3583 1116 3630 nos
1133 3562 1315 3648 hospitibus
1326 3563 1447 3630 nostris

317 3670 356 3737 de
371 3673 452 3738 villa
466 3673 585 3760 Beryn,
604 3680 636 3741 et
652 3673 801 3740 omnibus
818 3673 860 3740 ad
877 3695 947 3738 eam
965 3673 1213 3761 pertinentibus,
1229 3675 1329 3738 talem
1346 3673 1445 3739 liber-

317 3787 416 3845 tatem
434 3783 650 3848 concessimus
667 3787 700 3846 et
716 3783 887 3847 statuimus
904 3807 911 3847 :
929 3783 1015 3863 quod
1031 3784 1071 3846 de
1102 3781 1239 3865 singolis
1271 3780 1446 3846 mansioni-

318 3887 377 3952 bus
393 3888 456 3952 tria
472 3887 618 3972 pondera
634 3891 762 3955 soluere
794 3896 968 3955 teneantur
999 3889 1179 3954 annuatim.
1221 3890 1336 3954 Comes
1368 3908 1445 3953 vero

316 3995 460 4078 ipsorum
476 3995 563 4061 bona
580 3995 652 4060 eine
668 3993 788 4060 herede
804 3994 1036 4060 decedentium
1052 3994 1196 4079 recipcre
1229 4016 1294 4060 non
1329 4013 1444 4080 presu-

315 4109 392 4167 mat.
416 4104 494 4168 Itern
509 4101 612 4184 judici
630 4123 686 4186 prro
699 4103 823 4186 judicio
841 4104 969 4169 soluere
986 4105 1105 4170 debent
1136 4103 1312 4185 sexaginta
1344 4102 1443 4167 dena·

316 4210 381 4276 rios
396 4217 542 4292 tantum3
566 4210 631 4275 nisi
648 4212 680 4276 in
697 4232 799 4277 cauea
816 4211 893 4276 furti
913 4215 962 4276 vel
980 4210 1151 4293 sanguinis
1167 4210 1331 4278 effusione.
1363 4213 1441 4276 Item

316 4317 360 4384 ad
377 4316 558 4403 plaustrum
574 4321 674 4403 Regis
691 4320 791 4387 boues
809 4321 887 4385 dare
913 4342 977 4386 non
1004 4325 1170 4402 tenentur·;
1195 4340 1253 4384 nec
1287 4321 1321 4383 in
1353 4321 1441 4404 lega-

317 4426 410 4490 cione
426 4426 539 4509 aliqua
555 4426 675 4492 debent
689 4428 748 4512 iro,
765 4429 827 4494 nisi
842 4448 901 4511 pro
917 4428 1063 4512 negocijs
1081 4426 1157 4492 ville
1184 4425 1369 4508 eorundem,
1387 4435 1441 4490 ant

318 4535 353 4596 in
369 4532 537 4614 legacione
554 4535 675 4601 domini
690 4538 788 4620 Regis
805 4539 847 4602 ad
863 4537 1009 4621 spacium
1028 4537 1114 4602 dicte
1130 4536 1234 4601 vnius.
1276 4537 1355 4600 Item
1382 4555 1440 4616 pro

317 4638 451 4706 decimis
468 4645 535 4708 suis
552 4645 702 4732 capetias
719 4649 859 4732 uoluunt,
876 4652 970 4728 prout
985 4647 1134 4732 prouenit
1164 4645 1197 4708 in
1230 4645 1374 4729 capeciJs
1406 4643 1440 4708 in
