3160 5208
551 389 712 486 „Q

16 573 19 662 ζ
91 583 253 666 sclavonia,
295 585 442 650 omnibns
473 582 516 648 ad
542 603 624 669 qnos
653 591 822 669 presentes
849 585 955 653 littere
988 584 1194 673 pervenerint

16 697 21 782 J.
90 690 208 756 salutern
224 690 256 754 in
271 692 420 758 Domino.
438 693 540 774 Regie
556 691 737 760 Maiestatis
756 693 921 764 Oelsitudo
938 699 1004 760 tam
1021 692 1193 782 providam

16 847 18 878 ,
89 799 171 863 debet
185 797 302 864 habere
319 798 647 886 circumspectionem,
660 806 696 866 ut
704 808 824 886 quanto
835 802 905 884 quis
916 801 960 868 ad
968 799 1194 888 supportanda

16 941 17 948 κ
90 903 178 985 Regni
191 903 321 988 negotia
338 905 511 972 officiosior
527 907 665 974 occurrit
675 913 707 974 et
720 907 756 973 in
766 908 918 992 gerendis
933 909 1031 974 rebus
1048 926 1084 976 se
1100 909 1194 974 offert

16 1085 17 1102 ,
89 1011 310 1098 promptiorem,
352 1019 444 1080 tanto
476 1016 666 1099 propensius
698 1013 808 1098 dignis
839 1015 1028 1082 meritorum
1059 1013 1192 1099 premiis

16 1121 20 1206 ζ
86 1119 323 1186 remunerandus
355 1129 532 1188 censeatur.
564 1123 770 1208 Quapropter
795 1121 955 1190 universis
986 1128 1097 1188 notum
1122 1119 1192 1188 lieri

16 1271 18 1288 r
87 1226 233 1292 volumus:
258 1227 345 1311 quod
362 1226 571 1295 dilectissimo
586 1236 618 1296 et
643 1229 729 1296 fideli
757 1235 866 1296 nostro
881 1225 1059 1314 Stephano,
1077 1227 1197 1325 Sancte

16 1351 18 1434 ,
86 1333 300 1416 ngrabiensis
325 1334 470 1402 Ecclesia
495 1336 676 1403 venerabili
701 1337 874 1422 Episcopo,
890 1341 981 1403 cuins
998 1334 1194 1403 discretione

16 1443 18 1480 ³
84 1447 267 1527 procurante,
300 1460 358 1526 pre
397 1443 512 1510 ceteris
545 1446 651 1528 Regni
682 1444 890 1528 Primatibus,
917 1442 1082 1510 discordia
1111 1441 1196 1508 inter

16 3659 19 3692 ,
85 3588 201 3658 silenus
211 3595 330 3663 montis
346 3602 396 3663 est
411 3594 508 3664 vallis
519 3596 667 3682 quedam,
695 3615 757 3676 oue
766 3595 842 3662 licet
857 3595 902 3662 sit
917 3599 1030 3679 pastus
1039 3592 1193 3678 ferarum,

16 3699 20 3736 l
85 3699 176 3765 bmen
206 3711 256 3772 est
287 3713 385 3790 meta,
416 3701 534 3770 deinde
565 3703 670 3772 tendit
700 3725 757 3790 per
775 3702 906 3769 arbores
922 3722 1016 3770 eruce
1042 3701 1192 3784 signatas

16 3883 18 3968 i

16 3969 19 4102 ξ

85 1553 193 1630 patrem
217 1556 365 1616 nostrum
392 1556 425 1615 et
449 1570 509 1617 nos
524 1551 601 1617 olim
618 1556 730 1618 exorta
748 1559 780 1618 et
795 1549 838 1617 ad
853 1549 1079 1618 inextimabile
1094 1549 1196 1632 Regni

85 1652 299 1723 detrimentum
332 1678 538 1727 succrescens
570 1669 621 1727 est
651 1661 694 1727 ad
726 1655 931 1728 concordiam
961 1662 1124 1744 revocata,
1157 1663 1191 1725 et

84 1761 218 1828 universa
248 1783 343 1849 gens,
390 1767 491 1832 variis
520 1768 794 1852 perturbationum
827 1765 978 1853 procellis
1020 1764 1192 1852 fluctuans,

88 1869 116 1934 in
149 1891 226 1957 pace
265 1874 436 1961 collocata,
476 1880 594 1941 terram
626 1877 717 1963 Puer,
762 1877 803 1942 de
834 1873 949 1944 Castro
979 1871 1193 1956 Zagrabiensi

83 1984 245 2065 exceptam,
273 1981 350 2047 lieet
374 1987 522 2067 respectu
554 1982 757 2050 servitiorum
799 2003 929 2051 suornm
961 1979 1127 2048 minimam
1161 1987 1193 2045 et

82 2085 188 2153 neritis
213 2087 413 2173 inequalem,
438 2088 500 2156 sibi
526 2095 559 2156 et
584 2110 643 2157 sue
667 2090 861 2177 posteritati,
888 2090 984 2156 certis
1012 2087 1106 2154 metis
1140 2106 1190 2153 as·

83 2192 236 2280 signatam,
252 2196 448 2263 contulimus
464 2197 532 2263 iure
549 2198 744 2265 hereditario
760 2199 794 2263 in
819 2205 1011 2285 perpetuum
1026 2191 1193 2283 possiden·

83 2297 153 2366 dnm
168 2302 286 2389 Incipit
296 2310 405 2369 autem
422 2303 527 2388 prima
543 2311 629 2372 meta
645 2304 832 2390 supradicte
847 2312 943 2392 terre,
959 2325 1022 2390 que
1038 2309 1089 2372 cst
1105 2307 1193 2368 meta

85 2413 185 2492 tenea,
201 2415 233 2474 et
258 2407 376 2476 dividit
407 2408 543 2477 eandem
569 2419 687 2479 terram
705 2411 746 2478 de
776 2419 863 2480 terra
893 2411 983 2478 Petri
998 2411 1058 2477 filii
1075 2409 1195 2494 Gurcb,

82 2533 133 2597 qne
161 2515 260 2583 tendit
293 2538 406 2585 versus
446 2518 644 2586 occidentem
686 2539 783 2606 super
825 2525 965 2588 montem
1006 2539 1107 2604 usque
1151 2517 1194 2586 ad

83 2625 226 2706 quandam
242 2649 387 2714 pomum,
413 2629 472 2696 sub
498 2648 562 2712 qua
588 2632 674 2694 meta
690 2635 740 2696 est
765 2609 883 2713 terr'ea,
901 2627 976 2696 inde
992 2627 1195 2714 procedendo

85 2749 182 2816 parum
211 2739 272 2801 sub
306 2735 446 2819 quadarn
478 2736 564 2824 ylice
598 2742 648 2802 est
672 2741 759 2802 meta
789 2740 897 2804 erecta
920 2735 962 2819 de
993 2742 1092 2822 terra,
1116 2734 1195 2801 inde

82 2838 169 2904 tendit
183 2860 239 2924 per
254 2848 361 2910 metas
376 2842 410 2908 in
420 2845 535 2910 arbore
551 2861 645 2910 cruce
671 2843 831 2929 signatus,
849 2849 881 2909 et
898 2841 933 2908 in
950 2840 1064 2909 eodem
1082 2848 1193 2909 monte

83 2946 213 3029 superins
229 2955 281 3016 est
297 2955 383 3016 meta
399 2956 515 3034 terrea,
533 2969 595 3032 que
611 2948 727 3016 dividit
742 2955 861 3016 terram
873 2949 1067 3037 populorum
1078 2946 1193 3035 Casiri,

83 3049 147 3119 inde
174 3057 281 3124 tendit
297 3076 355 3143 per
371 3065 475 3125 metas
508 3059 542 3124 in
574 3057 690 3125 arbore
705 3077 800 3124 cruce
815 3056 975 3143 signatas,
1006 3055 1084 3123 inde
1101 3054 1193 3123 vadit

84 3159 118 3224 sd
131 3182 277 3250 magnam
292 3165 377 3232 viam
395 3167 488 3234 iuxta
504 3186 601 3249 quam
617 3171 666 3234 est
676 3173 763 3232 meta
777 3173 893 3252 terrea,
912 3164 952 3232 de
968 3183 1032 3249 qun
1049 3163 1191 3231 declinat

84 3285 180 3338 versus
208 3274 510 3359 septemtrionalem
542 3282 680 3359 partem,
712 3273 788 3339 item
806 3271 911 3340 eundo
936 3275 1028 3340 iuxta
1052 3269 1190 3337 eandem

85 3373 155 3441 viam
170 3399 188 3444 a
204 3382 314 3467 capite
338 3382 479 3450 eiusdem
495 3381 547 3450 vie
562 3381 653 3449 vadit
671 3401 768 3467 super
787 3381 941 3448 verticem
956 3379 1072 3447 montis
1088 3378 1194 3444 euius·

86 3478 147 3548 dam
163 3485 194 3551 in
211 3507 277 3572 qno
292 3497 342 3555 est
357 3496 452 3574 meta,
467 3489 558 3556 ..item
572 3490 657 3555 inter
673 3489 823 3556 verticem
856 3486 974 3554 montis
1001 3485 1145 3554 eiusdem
1161 3492 1195 3552 et

85 3820 170 3888 utque
185 3813 225 3877 ad
243 3811 461 3878 summitatem
478 3812 595 3879 montis
605 3820 638 3879 et
647 3811 692 3877 ibi
707 3818 756 3879 est
766 3818 854 3876 meta
867 3808 907 3876 de
917 3815 1005 3875 terra
1015 3814 1125 3875 erecta
1136 3809 1195 3876 sub

86 3916 210 3996 quadam
226 3919 352 4007 arbore,
369 3938 430 4004 que
441 3919 617 4004 vulgariter
629 3917 745 3986 dicitur
754 3916 917 4002 gurthafa,
935 3922 966 3982 et
975 3915 1052 3984 inde
1063 3917 1193 3984 deseen-

87 4017 127 4086 dit
139 4044 192 4108 pcr
215 4027 349 4094 arbores
373 4045 468 4094 cruce
482 4027 629 4111 signatas
646 4047 746 4112 usque
763 4027 804 4092 ad
821 4024 953 4091 fluvium
968 4023 1133 4090 Bintricha
1147 4022 1192 4089 ibi

16 4107 19 4194 i
88 4135 127 4194 est
140 4139 221 4199 meta
237 4131 381 4200 detersa
397 4141 514 4218 erecta,
541 4141 572 4199 et
587 4132 665 4200 inde
681 4131 828 4216 graditur
843 4129 977 4198 inferius
993 4129 1035 4195 ad
1061 4127 1192 4195 fluvium

88 4233 263 4308 Brennica
280 4240 333 4308 nbi
361 4248 494 4326 uterque
519 4241 635 4310 fluvius
652 4241 684 4307 in
713 4259 811 4306 unum
836 4237 1083 4323 conveniuntur,
1100 4234 1194 4303 stibi

89 4353 129 4410 est
143 4355 225 4418 neta
248 4353 357 4416 erecta
371 4350 411 4415 de
437 4357 536 4435 terra,
554 4346 596 4415 de
610 4367 696 4432 aqua
721 4345 913 4414 Breszovica
930 4345 1021 4410 vadit
1045 4342 1195 4427 superius

16 4483 18 4532 ι
90 4458 227 4536 ttqncad
254 4477 409 4545 magnam
425 4456 511 4524 viam
529 4457 619 4523 iuxta
645 4475 742 4539 quam
759 4456 843 4520 vium
872 4453 1069 4522 estmetain
1088 4449 1195 4537 capite

16 4539 19 4602 3³
91 4558 215 4631 dudem
239 4563 330 4632 fluvii
357 4564 398 4631 de
423 4571 510 4632 terra
535 4571 653 4647 erecta,
678 4561 753 4630 inde
779 4561 883 4628 tendit
898 4578 1008 4626 versus
1025 4557 1194 4626 meridiem

91 4681 139 4746 ltr
164 4689 311 4756 magnam
345 4671 429 4740 viam
458 4688 559 4755 usqne
591 4669 770 4756 ailonem,
801 4667 856 4754 qrri
872 4672 1005 4734 vocatur
1029 4663 1192 4750 Predolia,
