3184 5186
2 13 272 204 Γ

88 505 253 592 Ladieluy
263 503 453 572 felicissime
462 504 624 589 memorie,
639 509 759 572 terram
770 505 805 571 in
815 503 906 592 Sala,
918 523 1014 590 qnam
1024 523 1065 572 cx
1074 504 1223 577 donacio·

90 633 135 681 ns
143 612 287 700 ipsorum
298 611 446 697 predicta
455 611 601 680 Ecclesia
610 609 913 698 possederat,super
922 614 1015 681 euius
1024 617 1222 699 partemque

86 720 273 790 estibidem
289 739 404 788 uersus
419 718 558 808 Nitram,
575 722 799 787 controuersia
815 739 936 804 magna
949 727 1093 805 tempore
1108 721 1223 805 procui

88 827 195 896 nostri
211 824 352 894 Secundi
368 825 449 895 Belo
464 824 563 911 Regis
578 825 665 893 inter
679 826 844 918 Abbatem
869 824 1006 911 predicti
1032 824 1220 914 ilonssterij

85 934 346 1021 etjobsg‘ones,
376 953 437 1001 nec
452 953 517 1000 non
532 933 709 1019 populares
724 931 901 1001 Nitriensis
925 930 1032 1002 Castri
1054 939 1126 1003 orte
1154 931 1225 1004 tuta

86 1043 198 1127 Super
210 1048 338 1128 partem
354 1061 441 1128 uero,
472 1059 536 1124 qus
553 1048 603 1108 est
618 1047 712 1110 extra
728 1040 869 1109 insulam
895 1061 1009 1110 ueram
1039 1040 1222 1130 Paeonium,

90 1147 247 1216 similiter
260 1145 552 1234 interjobagiones
576 1154 610 1214 et
634 1156 821 1215 castrenses
841 1147 1058 1218 Posonienses
1090 1149 1125 1215 in
1141 1149 1225 1217 cius·

92 1255 169 1321 dem
186 1252 286 1340 Regis
303 1253 474 1341 presencia
489 1253 657 1320 contencio
668 1253 736 1320 tuit
746 1252 814 1320 Sed
829 1274 902 1321 cum
914 1253 1035 1323 ueritas
1046 1255 1156 1325 subdo
1166 1253 1225 1324 iai·

86 1360 204 1430 uitstis
217 1360 359 1447 palliata
372 1381 432 1448 per
447 1361 634 1429 iudicialem
649 1381 818 1428 censuram
832 1360 1006 1446 diligenter
1031 1363 1222 1447 pertractum

88 1473 127 1536 et
141 1469 265 1552 emergi
283 1468 451 1556 requirat,
473 1466 651 1536 secundum
667 1463 812 1536 ordinem
825 1465 943 1552 judicii
960 1467 1152 1537 uentilando
1171 1469 1225 1557 pie

93 1583 291 1644 memoratus
307 1575 378 1644 Rex
393 1575 475 1642 iuris
491 1573 642 1642 Ecclesia
658 1573 771 1642 Sancti
787 1572 918 1642 Martini
934 1573 1038 1660 ipsam
1048 1576 1223 1660 possessio·

90 1703 168 1751 nern
184 1681 288 1749 luisse
304 1679 506 1768 approbauit,
539 1686 572 1747 et
587 1680 635 1748 sic
665 1677 878 1767 approbando
909 1681 1056 1750 Ecclesia
1086 1681 1227 1752 restituit

94 1787 300 1876 perfidelem
317 1786 527 1874 capellanum
543 1807 638 1857 suum
653 1787 783 1855 nomine
799 1787 1013 1856 Laureucium
1029 1789 1226 1860 canonicum

93 1896 138 1964 de
152 1895 283 1984 Tyteld.
319 1895 399 1963 Post
413 1894 546 1979 longum
563 1893 667 1962 eciam
682 1895 839 1982 temporis
855 1915 1041 1982 processum
1066 1897 1159 1964 nobis
1188 1899 1224 1966 in

94 2001 270 2089 Hungaris
284 2001 428 2071 feliciter
443 2001 656 2088 regnantibus
672 2002 824 2086 quoniam
844 2002 1000 2070 secularis
1025 2004 1091 2072 uite
1115 2013 1222 2074 statne

89 2129 224 2198 semper
238 2108 419 2196 promptior
434 2115 484 2176 est
499 2107 541 2175 ad
557 2107 682 2193 iniqua,
712 2117 746 2176 et
774 2108 939 2196 cupiditas
952 2121 954 2126 ’
969 2130 1135 2194 nunquam
1166 2133 1225 2182 suo

95 2219 168 2285 iuro
183 2218 275 2285 nouit
291 2215 460 2302 contineri,
477 2235 575 2301 super
590 2214 738 2304 predicta
764 2215 970 2302 possessione
994 2217 1111 2287 similis
1125 2219 1227 2305 priori

91 2324 264 2393 contencio
281 2325 315 2391 in
332 2329 446 2391 nostra
461 2325 633 2409 presencia
649 2330 738 2390 motu
766 2323 829 2390 luit
858 2323 944 2390 inter
973 2336 1226 2410 prememoratus

3 2463 5 2468 v
93 2431 244 2524 homines
260 2431 326 2497 iam
343 2431 503 2498 dictorum
520 2430 710 2498 Castrorum
726 2434 759 2497 et
773 2429 934 2500 Abbatem
966 2433 1111 2502 eiusdem
1141 2437 1224 2523 loci,

3 2551 5 2556 ’
94 2559 196 2626 snper
213 2559 276 2623 quo
291 2559 351 2606 nos
366 2539 536 2622 utriusque
552 2539 656 2622 pertis
684 2537 947 2624 allegacionibus
978 2541 1054 2611 hinc
1085 2550 1118 2611 et
1147 2544 1225 2614 inde

92 2645 271 2732 diligenter
285 2645 420 2730 auditis,
437 2649 470 2710 ct
485 2645 734 2730 probationibus
751 2645 846 2714 Wros
861 2649 966 2714 nostri
982 2650 1135 2735 temporis
1161 2652 1226 2720 Ab·

93 2753 194 2838 batis,
208 2755 245 2819 in
263 2752 403 2820 medium
419 2749 577 2841 deductis,
610 2753 832 2838 inspectisque
863 2753 1047 2841 priuilegiJs
1078 2757 1225 2826 Ecclesia

95 2863 192 2931 Beati
206 2861 341 2928 Martini
356 2857 443 2927 ueris
457 2866 489 2926 et
505 2859 690 2943 autenticis,
706 2859 833 2928 scilicet
857 2859 971 2928 Sancti
1001 2862 1161 2949 Stephani
1194 2872 1227 2935 et

96 2969 259 3056 Lediclai,
291 2987 353 3036 nee
384 2989 450 3036 non
483 2966 625 3034 Secundi
641 2967 720 3035 Belo
736 2965 1006 3052 predecessorum
1021 2978 1224 3056 nostrornm

94 3084 130 3145 et
143 3077 180 3144 in
195 3077 347 3145 omnibus
363 3073 555 3162 reperiendo
570 3075 676 3158 ipsam
694 3080 815 3140 terram
832 3074 1036 3157 integraliter
1062 3081 1227 3162 pertinere

95 3183 248 3254 Ecclesia
285 3191 404 3270 nostre,
438 3179 616 3248 secundum
650 3179 855 3248 diffiniciuam
885 3183 1083 3251 sentenciam
1115 3185 1228 3256 ordine

95 3291 179 3360 iuris
195 3296 363 3359 reseruato
379 3287 465 3356 omni
481 3286 619 3355 consilio
635 3294 667 3353 et
684 3287 884 3357 discrecione
900 3290 1087 3376 Principum
1102 3301 1227 3363 nostro·

96 3419 170 3466 rum
186 3396 448 3467 adiudicauimns
478 3393 718 3482 possessionem
750 3396 862 3482 sepius
892 3404 1105 3466 memoratam
1136 3402 1228 3469 resti·

96 3507 255 3575 tuendam
272 3505 438 3588 Ecclesie,
470 3501 628 3570 conuictis
643 3502 791 3570 aduersis
809 3504 958 3588 partibus
974 3506 1069 3573 salua
1099 3506 1230 3578 iusticia

99 3623 132 3684 et
147 3613 264 3682 ordine
279 3611 457 3696 iudicaria,
480 3615 513 3676 et
537 3609 683 3676 misimus
714 3611 843 3678 lidelem
876 3620 1021 3680 nostrum
1052 3615 1229 3684 Martinnm

98 3719 375 3791 Archidiaconum
391 3716 651 3799 Budrugiensem
667 3714 710 3782 ad
725 3719 967 3802 peragrandam
983 3725 1100 3787 terram
1117 3728 1230 3806 etme-

14 3813 15 3816 ¹
98 3839 206 3898 tarum
232 3823 501 3893 distinccionibus
528 3819 773 3907 assignandam,
806 3825 862 3908 qui
893 3831 1006 3892 nostru
1036 3831 1231 3898 auctoritate

16 3973 18 3976 ·
99 3935 282 4006 introduxit
297 3933 479 4000 Ecclesiam
495 3931 529 3996 in
547 3948 640 3996 suam
657 3932 906 4016 possessionem.
932 3933 1032 4000 Cuius
1047 3939 1134 4002 terre
1151 3937 1230 4006 ordo

99 4049 260 4114 metarum
277 4039 354 4107 talis
371 4046 442 4107 est:
458 4037 580 4125 Incipit
594 4056 616 4102 a
630 4039 888 4124 septemtrionali
900 4045 999 4126 'purte
1016 4041 1109 4109 iuxta
1123 4043 1228 4130 ripam

17 4163 18 4166 ’
98 4151 189 4236 flnuij
206 4147 336 4216 nominc
352 4147 539 4232 Holnlwag,
557 4150 589 4211 et
604 4146 812 4230 progreditur
829 4145 871 4212 ad
888 4148 1069 4214 australem
1093 4158 1231 4238 partem,

101 4258 154 4328 cui
170 4260 395 4324 commetanea
411 4261 461 4320 est
477 4259 565 4319 terra
581 4251 723 4318 ciuilium
739 4254 782 4320 de
801 4251 881 4320 uilla
896 4251 992 4320 Yneu
1002 4252 1232 4325 oltralluuium

101 4362 383 4454 prenominatum
406 4358 551 4429 secunda
575 4367 664 4426 meta
694 4359 788 4428 iuxta
816 4359 950 4429 arbores
981 4383 1043 4446 que
1075 4374 1233 4432 uocantur

102 4474 195 4555 ulmi,
228 4480 260 4539 et
276 4469 340 4538 bac
356 4473 450 4556 parte
466 4469 571 4537 eidem
588 4477 637 4536 est
653 4469 763 4537 uicina
778 4477 865 4536 terra
882 4469 1014 4537 ciuilum
1029 4469 1070 4536 de
1086 4470 1182 4540 Nitra
1197 4473 1232 4540 in

102 4581 214 4650 insula
232 4605 241 4668 5
274 4579 351 4645 inde
367 4595 444 4646 uero
460 4574 663 4666 protenditur
679 4597 737 4663 per
752 4583 858 4647 metas
873 4577 907 4645 in
938 4577 1025 4662 agris
1057 4597 1158 4665 usque
1189 4580 1233 4646 ad

30 4879 202 5036 s

198 4946 215 4981 ,

96 4991 108 5010 Ι

576 309 738 411 ...Q
