3160 5208
519 338 679 438 *Q

59 535 275 596 sacramentum
292 529 399 596 lacere
417 532 660 618 presumpserit,
687 531 750 600 sibi
776 521 1001 616 calumpnians
1026 531 1161 600 testibus

58 637 224 705 astantibus
239 638 403 725 restituat,
420 643 453 705 ct
470 660 532 724 res,
550 657 609 723 pro
625 659 690 724 qua
706 640 914 727 causabatur,
931 639 975 706 ad
996 641 1162 723 requiren-

57 751 108 811 tem
124 742 314 812 deuolnatur.
340 747 426 813 Etsi
443 748 518 831 quis
535 746 647 815 villam
664 747 761 816 istam
778 747 901 816 intrare
926 748 1064 817 uoluerit
1093 769 1159 817 mo·

56 858 174 941 ratnms,
190 852 300 920 omnia
315 853 402 922 bona
419 874 489 943 sua,
507 852 620 924 domos
635 875 713 924 suas
739 855 905 945 videlicet,
937 862 970 924 et
1003 858 1073 926 alia
1101 877 1162 942 que

55 963 232 1049 possederat,
248 963 399 1030 omnibus
414 963 591 1032 scientibus
606 964 744 1032 liberam
778 966 896 1034 babeat
924 963 1084 1036 vendendi
1115 964 1163 1030 la-

17 1147 19 1160 ,
57 1069 206 1156 cultatem;
230 1077 262 1137 et
279 1071 437 1139 recedens
456 1069 496 1140 de
513 1072 595 1140 silla
611 1072 674 1141 ista
690 1073 833 1142 retineat
849 1073 975 1140 eadem.
1001 1075 1043 1141 lit
1059 1073 1161 1158 ligna,

17 1167 19 1240 ἰ
57 1197 108 1261 qne
122 1177 159 1243 ad
173 1201 248 1247 rsus
265 1199 356 1263 snos,
373 1179 528 1248 uidelicet
542 1180 612 1266 igni
629 1181 889 1270 superponenda,
916 1181 969 1250 uel
1000 1178 1043 1248 ad
1074 1177 1161 1247 editi·

17 1303 19 1358 t
56 1285 158 1352 undas
174 1286 284 1356 domos
301 1309 381 1356 ruas
397 1287 611 1376 expedierint,
628 1289 848 1358 concessimus
864 1287 1077 1380 possidenda.
1118 1275 1170 1354 llt'

17 1397 19 1462 5
56 1393 215 1482 statuimus,
232 1396 322 1479 quod
349 1397 551 1465 sacerdotem
578 1417 802 1482 quemcunque
832 1397 1002 1478 voluerint,
1033 1397 1069 1462 in
1100 1415 1163 1463 sua

55 1501 192 1585 recipiant
207 1503 359 1571 Ecclesia
373 1527 381 1588 ;
405 1502 446 1571 de
463 1503 597 1570 decimis
613 1504 769 1591 ipsorum,
786 1512 882 1592 prout
898 1525 967 1573 mos
985 1511 1036 1572 est
1050 1503 1160 1580 hospi-

17 1593 19 1654 3
56 1606 126 1672 tibus
141 1609 321 1694 obicunque
337 1612 554 1696 manentibus,
570 1613 793 1699 disponentes.
827 1613 913 1682 Sane
928 1633 1027 1699 super
1045 1612 1104 1678 heo
1119 1610 1163 1676 ad

17 1683 20 1800 l
57 1714 205 1782 utilitatem
224 1719 373 1804 ipsorum
388 1703 707 1806 moutem'quendam
725 1721 855 1789 nomine
872 1721 1023 1808 Graobie,
1042 1727 1073 1786 ct
1097 1725 1160 1784 ter·

56 1839 119 1908 turn,
132 1844 187 1892 uec
202 1846 266 1893 non
285 1828 467 1912 ubicunque
483 1829 569 1896 intra
585 1827 691 1895 Zabat
707 1828 819 1896 vineas
828 1829 979 1914 plantare
990 1826 1162 1909 voluerint,

58 1931 126 1996 enni
142 1934 377 2003 reclamacione
392 1939 575 2024 postposita
606 1937 850 2023 assignauimus
875 1936 1008 2005 eisdem.
1049 1935 1091 2001 Et
1119 1953 1162 1999 ne

57 2039 165 2109 termini
178 2050 340 2112 terrarum
357 2045 544 2114 dubitentur
559 2046 602 2112 ab
618 2047 741 2134 aliquo,
757 2045 895 2115 lecimus
906 2043 1065 2113 annotari.
1076 2041 1162 2122 Qua·

58 2167 112 2212 run
127 2153 228 2235 prima
243 2152 362 2240 incipit
377 2156 419 2220 ab
436 2156 567 2242 oriente,
585 2154 638 2220 vbi
665 2155 771 2222 Minor
802 2153 1013 2234 Ghemernica
1045 2151 1163 2219 transit

60 2259 204 2342 pervium,
221 2282 286 2346 gne
304 2262 475 2344 vulgariter
499 2265 599 2328 sodet
630 2267 785 2346 voeatnr;
811 2271 842 2327 et
874 2260 927 2327 via
959 2261 1072 2346 dirigit
1102 2259 1162 2327 illa

59 2382 151 2432 rersus
165 2377 294 2450 partem
313 2368 569 2452 meridionalem,
586 2369 641 2436 vbi
662 2375 747 2436 meta
772 2367 915 2456 ipsorum
949 2366 1080 2452 existit3
1106 2366 1160 2434 ab·

61 2469 117 2539 inde
132 2473 298 2544 dinertitur
316 2476 518 2544 dextrorsum
536 2497 594 2563 per
610 2483 748 2544 montem
765 2497 874 2564 vnum,
891 2476 944 2542 vbi
960 2475 1065 2542 Minor
1085 2475 1159 2543 Pet·

61 2579 113 2646 nita
126 2583 208 2649 eadit
223 2586 257 2651 in
284 2586 440 2668 Magnum
466 2585 605 2670 Petnita,
637 2586 682 2652 ibi
715 2592 764 2653 est
795 2589 900 2672 meta;
924 2583 1043 2652 exinde
1076 2583 1161 2650 idem

62 2687 143 2755 liinor
157 2687 284 2758 Petnita
302 2689 453 2778 dirigitur
469 2713 580 2760 rursus
597 2693 796 2760 occidentem
816 2714 876 2778 per
900 2693 999 2781 viem,
1029 2711 1093 2776 que
1119 2692 1161 2757 ad

61 2794 216 2868 cruciferos
231 2801 337 2886 vadit,
356 2800 402 2868 ibi
419 2808 468 2869 est
484 2807 572 2868 mete
587 2793 775 2886 assignata3
791 2808 823 2868 et
839 2802 881 2869 de
891 2800 945 2868 via
957 2799 1017 2868 ills
1029 2801 1162 2868 descen·

62 2902 212 2974 ditrersns
227 2908 505 2996 septemtrionem,
519 2909 573 2976 vbi
604 2909 678 2996 ipsa
711 2911 774 2997 uia,
809 2917 841 2977 et
872 2908 1098 2993 Priohlisnica,
1130 2915 1162 2974 et

61 3011 148 3082 Perna
162 3016 254 3084 simul
272 3017 416 3098 veniunt,
435 3018 488 3085 vbi
506 3025 557 3085 est
582 3017 685 3086 eciam
714 3025 818 3100 meta;
843 3013 1060 3084 Priohlisnica
1084 3033 1162 3083 nero

63 3123 183 3190 aseendit
197 3126 319 3193 abhinc
335 3127 378 3193 ad
395 3135 493 3211 capnt
508 3125 611 3212 ipsius
637 3124 746 3212 tontis,
774 3134 805 3193 et
837 3125 883 3192 ibi
916 3133 966 3192 est
997 3131 1104 3210 meta;
1128 3132 1162 3191 et

17 3303 18 3306 Ἴ
64 3228 158 3298 abinde
172 3235 375 3319 progreditur
399 3233 490 3301 iuxta
515 3233 662 3302 semitam
689 3234 903 3321 dextrorsum,
935 3241 968 3300 et
997 3231 1090 3300 uadit
1121 3231 1164 3298 ad

17 3309 20 3378 l
64 3347 233 3424 caputaque
248 3341 440 3411 Jelesnioha
456 3351 614 3428 vocatum,
634 3340 718 3430 (igyl
747 3342 847 3410 stibi
881 3352 969 3409 meta
999 3340 1064 3409 sita
1094 3349 1162 3426 est;

17 3383 40 3534 l·
65 3458 215 3526 donauero
232 3451 402 3518 nominata
418 3449 551 3518 confluit
566 3449 687 3517 abinde
703 3450 795 3518 iuxta
821 3449 933 3517 uillam
963 3449 1101 3532 Draseu,
1132 3455 1165 3518 et

17 3539 19 3654 ξ
64 3549 134 3618 nudit
156 3556 186 3621 in
218 3559 318 3636 niam,
346 3579 408 3644 que
423 3561 515 3625 uenit
531 3556 570 3624 de
587 3558 657 3625 foro
672 3558 785 3642 Regio,
818 3565 850 3624 et
864 3556 910 3624 ibi
928 3565 978 3624 est
997 3563 1102 3643 meta;
1133 3563 1165 3623 ct

17 3655 19 3770 j
66 3657 331 3733 uiaillcascendit
347 3666 390 3731 ad
407 3666 565 3738 orientem
590 3667 683 3732 iuxta
716 3666 972 3752 prenominatum
1005 3666 1163 3734 Minorem

17 3773 19 3838 l
56 3762 280 3851 ¹Obemcmicha²
297 3781 329 3840 ct
345 3773 389 3841 ibi
407 3773 611 3858 contignatur
628 3781 711 3839 mete
728 3773 838 3860 priori.
849 3773 892 3840 Et
909 3780 943 3839 vt
958 3774 1019 3841 boo
1036 3776 1160 3842 firmum

17 3841 20 3996 ἰ
67 3880 90 3938 et
102 3879 204 3947 stabile
219 3863 421 3966 permaneat,
442 3903 499 3948 nec
516 3902 573 3967 per
589 3879 726 3948 alicuius
744 3879 1022 3948 machinacionem
1039 3882 1072 3946 in
1090 3881 1163 3946 irri-

17 4011 20 4072 ξ
66 3987 115 4048 tun
129 3988 230 4054 ualeat
247 3992 429 4074 retractari,
446 3989 546 4072 sigilli
565 3989 667 4057 nostri
684 3994 850 4057 caractere
861 3987 1161 4056 lecimusroborari.

17 4079 19 4156 ἶ
67 4087 209 4164 Pristaldis
226 4117 302 4163 uero
319 4099 414 4163 Petro
431 4097 555 4164 Comite
572 4096 750 4182 Pilisiensi,
776 4091 976 4164 et'blirizlao
1002 4097 1043 4162 de
1070 4096 1163 4163 (iori-

17 4205 20 4298 t
68 4195 114 4264 uba
125 4204 277 4289 terrigena
295 4205 519 4272 existentibus.
545 4209 666 4274 Datum
684 4224 741 4292 per
759 4225 872 4272 manus
894 4204 1016 4271 Matbio
1041 4203 1161 4289 Prepe-

68 4303 108 4372 siti
121 4307 338 4396 Zegrabiensis
355 4322 433 4381 tuuc
450 4314 602 4400 temporis
620 4314 694 4382 aule
710 4322 822 4381 nostre
843 4313 1049 4400 cancellarij,
1076 4333 1162 4380 anno

17 4407 21 4522 l
71 4413 162 4486 draoie
194 4423 366 4490 millesimo
400 4421 551 4490 ΟΟΒΧΧο
583 4423 711 4508 quinto.
750 4420 1001 4489 venerabilibus
1035 4422 1161 4506 Vgrino

17 4525 19 4550 ⁵
69 4520 215 4617 Coluoensi,
233 4531 416 4598 Gnnuulino
433 4531 620 4617 Spalntensi
638 4529 900 4616 Archiepiseopis
925 4530 1162 4614 existentibus3

71 4626 204 4718 Stephano
219 4639 440 4726 Zagrabiensi,
459 4641 599 4708 liartino
616 4639 838 4728 Corbauieusi,
854 4640 956 4710 blicus
972 4638 1161 4724 szeoiensi
