3184 5186
710 483 712 489 ,
826 381 988 487 ...tm

343 599 376 666 et
405 585 516 662 'lebna
557 590 702 670 conaus,
742 577 866 652 inuenit
897 597 955 666 per
987 573 1156 660 Thomam,
1198 555 1405 636 Desidarlum
1438 563 1468 630 ct

343 701 528 787 Ysumpuit,
545 697 630 766 tilios
644 695 760 781 Druso,
793 688 983 774 iobagiones
1013 683 1091 751 dicti
1127 675 1233 747 Castri
1260 675 1303 743 ab
1335 672 1467 758 antiquo

344 811 479 896 pacifice
510 801 680 892 possideri,
712 817 810 885 super
841 816 933 883 quas,
967 796 1062 881 prout
1092 809 1113 854 a
1144 785 1240 854 nobis
1280 786 1468 855 mandatum

345 916 516 996 habuerat,
547 929 650 978 nouas
681 913 784 976 metas
816 897 1029 972 feoit'elevari
1053 898 1144 964 iuxta
1174 893 1308 958 uetares.
1323 893 1466 972 Quarum

348 1022 452 1090 eciam
467 1025 563 1106 meta,
583 1023 680 1102 prout
695 1013 781 1081 idem
796 1013 951 1096 Magister
961 1009 1053 1080 Chao
1063 1014 1124 1080 sub
1134 1014 1240 1100 sigillo
1262 1014 1470 1083 (lbasmensir
1576 1005 1578 1010 ’

347 1125 488 1212 capituti
504 1123 780 1208 nobisinscriptis
796 1121 1006 1208 presentavit,
1024 1121 1086 1186 boc
1097 1123 1209 1189 ordine
1224 1123 1445 1207 distinguntur
1462 1145 1469 1186 :

346 1237 456 1304 Prima
486 1240 573 1300 meta
603 1229 717 1316 incipit
741 1230 801 1296 sub
817 1230 935 1296 arbore
951 1227 1040 1312 uilla,
1057 1235 1089 1296 et
1104 1229 1194 1297 vadit
1210 1249 1321 1298 versus
1340 1230 1467 1314 aquilo-

347 1363 422 1412 nem
437 1341 481 1409 ad
496 1346 615 1408 motam
632 1345 781 1421 terream,
799 1335 947 1402 dividens
965 1344 1085 1404 terram
1102 1358 1173 1405 cum
1193 1339 1317 1407 Gemite
1338 1337 1471 1404 Weebe
1576 1395 1578 1400 ,

347 1451 431 1534 lino;
457 1449 533 1515 inde
563 1445 752 1533 pervellem
780 1443 871 1511 vadit
886 1444 930 1511 ad
947 1464 1097 1535 campum
1114 1449 1293 1515 admotam
1309 1457 1471 1529 terream,

348 1557 504 1625 induitur
521 1573 578 1642 per
594 1553 700 1620 valles
718 1559 750 1618 et
765 1551 866 1620 colles
882 1551 924 1618 ad
951 1559 1091 1621 montem
1122 1554 1166 1622 ad
1198 1575 1353 1641 magnam
1388 1552 1470 1620 vium

348 1666 392 1732 ad
408 1669 527 1730 metam
542 1662 602 1728 sub
619 1661 734 1727 arbore
748 1657 853 1744 bibla,
869 1664 901 1726 et
910 1677 969 1745 per
995 1661 1132 1728 eandem
1147 1663 1234 1730 viam
1251 1663 1345 1732 vadit
1362 1679 1472 1730 versus

351 1771 525 1850 orientem;
550 1765 625 1834 inde
641 1763 808 1834 descendit
824 1767 867 1833 ad
892 1775 990 1853 capnt
1020 1768 1116 1835 rivuli
1148 1769 1202 1854 qui
1233 1777 1368 1839 vocatur
1400 1768 1473 1834 Gol-

349 1877 465 1964 goncb,
496 1875 551 1942 ubi
577 1881 627 1940 est
642 1881 731 1939 meta
746 1879 806 1940 sub
823 1873 938 1941 arbore
954 1875 1046 1961 tulta,
1073 1876 1151 1943 item
1167 1878 1289 1945 rivulus
1306 1874 1472 1944 descendit
1576 1891 1578 1940 t

349 2003 461 2051 uersus
477 1980 645 2048 meridiem
668 1977 817 2047 dividens
843 1987 963 2047 terram
995 2002 1066 2049 cum
1099 1985 1183 2069 Vlup
1201 1991 1232 2050 et
1248 1985 1312 2050 itur
1328 1983 1374 2050 ad
1405 2003 1467 2048 ma·

350 2111 448 2176 gnam
458 2091 574 2157 silvam
585 2093 617 2154 et
626 2107 803 2172 commune,
821 2087 932 2171 ibique
949 2087 1150 2156 terminatur.
1166 2091 1247 2158 Item
1265 2091 1374 2176 primu
1390 2099 1472 2156 meta
1577 2093 1578 2108 *

350 2209 436 2268 terre
466 2195 592 2265 Tbome
622 2195 775 2284 predicti,
805 2194 917 2262 chno
934 2197 1074 2278 nomine,
1092 2218 1154 2282 que
1170 2200 1314 2284 pertinet
1333 2198 1378 2264 ad
1394 2197 1473 2263 Tbo

349 2326 439 2374 mam
454 2302 686 2388 tantummodo,
719 2299 834 2388 incipit
864 2305 925 2371 sub
945 2303 1060 2370 arbore
1081 2304 1172 2390 talla,
1189 2303 1341 2374 dividens
1357 2315 1472 2372 terram

349 2434 423 2482 cum
455 2410 692 2495 castrensibus,
716 2409 871 2495 indeper
890 2429 1044 2495 magnam
1076 2413 1194 2479 vallem
1226 2413 1291 2480 itur
1322 2413 1474 2500 superius

349 2540 461 2590 versus
492 2518 646 2586 orientem
677 2517 720 2584 ad
752 2521 872 2584 metam
902 2523 1063 2603 terream,
1097 2528 1129 2586 et
1159 2521 1235 2587 inde
1252 2521 1422 2588 descendit
1437 2523 1469 2587 in

349 2630 450 2697 aliam
465 2625 600 2710 vallem,
615 2621 690 2692 inde
705 2625 749 2692 ad
765 2632 907 2692 montem
925 2625 969 2692 ad
985 2633 1102 2694 metam
1120 2628 1179 2695 sub
1196 2631 1310 2696 arbore
1327 2631 1431 2715 bikla,
1442 2637 1474 2695 ct-

351 2734 429 2802 inde
459 2733 627 2801 descendit
658 2752 769 2801 versus
801 2733 998 2820 aquilonem,
1014 2736 1117 2802 intrat
1132 2735 1166 2801 in
1183 2735 1323 2804 rivulum
1341 2737 1477 2824 Pribyn;
1576 2743 1578 2760 ‘

351 2845 428 2910 item
445 2841 565 2912 rivulos
583 2840 673 2908 ducit
686 2842 834 2926 superius
851 2862 966 2911 versus
982 2842 1137 2910 orientem
1153 2843 1197 2912 ad
1213 2844 1315 2912 olium
1333 2847 1472 2914 rivulum

349 2970 464 3020 versus
481 2948 645 3019 meridiem
672 2951 717 3017 ad
732 2959 849 3017 metam
867 2951 926 3018 sub
943 2951 1058 3020 arbore
1074 2953 1186 3038 narfa;
1211 2953 1337 3021 atinde
1354 2955 1417 3020 itur
1433 2949 1471 3019 ad

350 3081 504 3146 magnam
520 3059 606 3128 viam
624 3059 772 3127 dividens
789 3067 906 3126 terram
921 3081 995 3128 eum
1012 3061 1135 3128 Comite
1151 3062 1291 3146 Gordus,
1310 3061 1473 3129 etvenitnr

349 3168 393 3236 ad
408 3176 528 3235 metam
545 3168 604 3236 sub
621 3169 736 3234 arbore
751 3167 853 3254 tulfa3
879 3189 920 3236 ex
936 3170 998 3235 bac
1014 3170 1184 3238 descendit
1199 3173 1234 3238 in
1258 3171 1378 3237 vallem
1410 3191 1472 3235 ma-

350 3295 570 3360 guamvcrsus
581 3273 757 3362 meridiem,
775 3276 884 3342 etexit
900 3296 961 3359 per
972 3277 1174 3364 campumud
1189 3281 1309 3345 metam
1325 3286 1474 3361 terreanq

350 3383 428 3452 inde
458 3380 625 3450 descendit
655 3404 714 3468 per·
745 3383 878 3450 arbores
911 3405 1007 3450 eruce
1039 3387 1189 3469 signatus
1215 3386 1258 3452 ad
1273 3394 1400 3455 metam
1417 3387 1471 3455 snb

349 3495 465 3559 arbore
482 3491 645 3578 gyrtanfa,
662 3497 695 3566 et
711 3513 751 3558 cx
765 3492 828 3558 hac
844 3491 876 3558 in
893 3493 1010 3560 silvam
1029 3513 1181 3578 magnam
1199 3504 1231 3561 et
1260 3515 1471 3580 communem,
1576 3503 1578 3556 3

350 3598 461 3682 ibique
478 3600 679 3665 terminatur.
697 3598 765 3667 Nos
781 3599 881 3684 igitur
897 3599 941 3688 id,
959 3601 1128 3684 quodiam
1146 3622 1203 3686 per
1219 3603 1344 3670 dictum
1362 3603 1473 3687 blagis-

350 3711 435 3772 trum
467 3703 554 3771 Chao
585 3705 721 3791 provide
752 3709 874 3774 factum
908 3714 968 3797 cst,
1010 3710 1091 3796 ipsis
1106 3711 1239 3798 Thema,
1256 3711 1428 3778 Desiderio
1445 3717 1474 3775 et
1577 3799 1578 3810 ἶ

351 3813 523 3906 Ysumpnit
539 3819 694 3900 perpetuo
711 3811 861 3882 duximus
877 3817 1144 3885 confirmandum.
1156 3819 1200 3884 Ut
1210 3818 1307 3903 igitur
1318 3819 1473 3906 premissa
1577 3865 1578 3876 i

349 3921 447 3987 robur
463 3921 634 4006 optineant
650 3928 805 4006 perpetue
825 3923 996 4008 firmitatis,
1028 3925 1154 3992 littores
1185 3933 1314 3994 nostras
1347 3946 1469 3993 conce-s·
1576 3947 1578 3988 t

349 4027 449 4094 simus
480 4027 618 4113 duplicis
645 4028 749 4112 sigilli
764 4023 866 4097 nostri
884 4031 1060 4098 munimine
1079 4033 1256 4101 roboratas.
1277 4033 1397 4100 Datum
1415 4053 1470 4120 per

348 4155 463 4202 manus
488 4134 637 4218 Magistri
662 4133 836 4220 smaragdi
861 4137 1012 4206 Albensls
1039 4141 1211 4228 Prepesiti,
1246 4141 1332 4209 Aule
1368 4151 1473 4212 nostre
1576 4135 1578 4224 f

349 4241 626 4328 Vicecancellurii,
643 4241 754 4310 dilecti
765 4252 797 4312 et
807 4244 913 4313 fidelis
923 4247 1023 4315 nostri
1036 4269 1121 4316 anno
1133 4249 1264 4317 Domini
1279 4248 1472 4334 Moenum
1576 4233 1578 4274 ³

350 4349 464 4433 quinto
496 4349 659 4420 kalendas
689 4350 824 4439 Aprilis,
851 4355 956 4439 Regni
977 4363 1085 4423 autem
1102 4358 1204 4426 nostri
1220 4379 1306 4428 anno
1324 4359 1472 4428 uicesimo

351 4457 503 4524 secundo.

424 4587 589 4652 (Tkalcsios,
608 4587 730 4642 Monam.
750 4591 818 4642 bist.
838 4592 928 4656 Episc.
949 4595 1144 4660 Zagrebicnsis
1163 4595 1184 4647 I.
1204 4597 1264 4648 biit.
1286 4601 1345 4650 115.
1364 4599 1394 4664 L)
