3184 5186
651 948 727 1018 329.

132 1146 160 1212 A
179 1147 361 1214 kamoseti
384 1150 570 1234 eszterpumi
592 1147 821 1232 lsoooentje'oek
858 1145 1134 1235 bizoopudplsoele
1169 1149 1252 1236 kopp

32 1303 34 1312 ,
125 1275 167 1320 rou
189 1254 375 1340 eozterpomi
396 1253 555 1340 iciptolun
577 1256 610 1320 eu
631 1279 653 1320 a
678 1255 864 1320 Mozohziak
902 1252 1050 1340 bizonpoo
1074 1277 1165 1344 peres
1188 1257 1253 1323 tir·

407 1361 501 1427 tolera
524 1362 615 1426 nosue
638 1361 852 1449 eppezkedtek.
876 1359 975 1428 1259.

230 1554 300 1622 Nos
316 1555 418 1622 trater
432 1555 469 1620 L.
489 1556 647 1640 Magister
662 1554 787 1623 Domus
803 1553 987 1641 Hospitalis
1017 1555 1129 1624 Sancti
1154 1555 1254 1643 Regis

31 1699 33 1718 ι
133 1661 348 1746 deStrigonio
365 1667 398 1728 et
423 1666 510 1730 totus
542 1661 729 1730 Conuentus
761 1661 907 1730 eiusdem
938 1661 1002 1756 loni
1032 1663 1254 1746 significamus

31 1839 33 1846 ,
131 1769 273 1837 omnibus
289 1788 348 1855 per
363 1776 532 1853 presentes
549 1769 705 1838 memorie
720 1769 996 1854 commendantes,
1028 1768 1115 1854 quod
1130 1791 1203 1838 eum
1219 1771 1253 1839 in

31 1935 32 1968 ζ
130 1874 237 1960 uigilia
251 1875 367 1943 Sancti
390 1876 491 1960 Regis
523 1876 701 1949 seeundum
734 1874 890 1944 iudicium
920 1876 1117 1945 venerabilis
1148 1877 1253 1966 patris

30 2019 33 2070 ‚¹
131 1979 325 2069 B(enedieti)
342 1981 406 2050 Dei
421 1983 534 2066 graeiu
550 1981 797 2070 Archiepiseopi
822 1981 1054 2068 strigoniensis
1084 1982 1251 2052 Abraham

30 2077 32 2088 '
129 2090 321 2178 Propositus,
352 2092 552 2160 Valentinus
583 2093 716 2178 Cantor,
747 2091 921 2160 Faroasius
951 2089 1108 2159 sacerdos
1138 2091 1252 2160 Suneti

30 2201 32 2286 ξ
133 2198 315 2285 Laureneij,
346 2197 467 2267 Petms
481 2199 614 2266 villicus
643 2198 819 2285 labrorum,
852 2205 884 2267 et
913 2198 1057 2266 Lazarus
1088 2197 1252 2282 quondam

30 2329 32 2354 s
130 2303 254 2372 villieue
269 2303 462 2372 debuissent
478 2312 627 2390 prestare
642 2312 882 2374 suoramentum
901 2305 935 2372 in
966 2311 1079 2372 nostra
1111 2305 1252 2374 ecelesia

129 2420 238 2479 eontra
252 2411 470 2498 Ambrosium,
485 2412 644 2480 Jaeobum
661 2419 694 2482 et
710 2413 779 2498 Zup
796 2411 837 2478 de
851 2411 958 2479 Musla
973 2432 1071 2498 super
1089 2432 1136 2498 eo,
1163 2411 1253 2498 quod

30 2533 31 2536 ’
129 2521 237 2588 Petrus
254 2519 421 2603 quondam
436 2519 625 2605 Prepositns
642 2518 755 2588 Saneti
771 2519 903 2606 Georgij
922 2519 1030 2587 adhue
1038 2519 1162 2606 vineae,
1179 2541 1253 2607 por·

29 2805 36 2960 l

129 2629 246 2694 otonem
264 2632 351 2694 terre
368 2647 426 2695 sue
443 2647 539 2712 quam
557 2627 698 2694 habebat
713 2630 748 2693 in
765 2627 866 2715 Ebed,
899 2626 1073 2694 contulerit
1089 2631 1122 2693 et
1152 2627 1253 2696 dona·

129 2734 204 2800 uerit
220 2757 279 2820 pro
297 2737 407 2800 anime
422 2755 480 2800 sue
496 2735 641 2802 remedio
658 2735 810 2818 Capitulo
827 2733 1046 2818 Strigoniensi
1063 2753 1134 2800 eum
1151 2735 1252 2803 omni·

129 2842 183 2912 bus
198 2843 266 2912 suis
282 2840 506 2930 pertineneijs.
531 2842 677 2909 Tandem
693 2846 803 2926 partes
820 2841 959 2908 eduense
975 2859 1034 2926 pro
1051 2845 1136 2909 bono
1159 2843 1253 2928 pacis

129 2952 159 3016 in
173 2951 243 3018 loeo
260 2951 458 3018 sacramenti
475 2950 616 3036 receptis
632 2969 700 3016 uua
715 2967 826 3014 marea
842 2947 969 3031 urgenti
986 2954 1018 3014 et
1044 2945 1182 3014 dimidia
1208 2953 1251 3020 ab

29 3115 31 3142 Ι
128 3058 235 3126 eodem
253 3057 407 3142 Capitulo
423 3057 602 3141 predictam
619 3063 737 3123 terrum
754 3055 932 3122 seeundum
949 3055 1036 3138 quod
1052 3057 1197 3140 prelatus
1214 3059 1250 3125 P.

126 3165 309 3251 Propositus
325 3163 544 3249 ordinauerat,
561 3165 760 3247 reliquerunt
777 3163 928 3247 Capitulo
945 3162 1110 3230 antedicto
1136 3184 1252 3252 perpe·

29 3321 31 3376 l
126 3277 175 3338 tuo
190 3273 434 3358 possidendam.
459 3275 579 3338 Datum
597 3292 683 3338 anno
699 3272 830 3338 Domini
848 3269 1251 3356 n1⁰co⁰quinquagesimo

29 3389 31 3462 l
122 3399 216 3447 nono.
1141 3394 1144 3402 ·

207 3577 260 3639 (ΑΖ
275 3579 381 3628 eredeti
393 3580 463 3629 ulain
476 3581 575 3630 Knsuz
588 3579 710 3640 Ndndor,
724 3579 842 3644 Magyar
857 3579 923 3631 Sion
937 3579 974 3630 11.
988 3580 1045 3630 ket.
1061 3582 1120 3628 778.
1133 3579 1163 3642 l)
