3182 5200
649 286 691 350 97

10 469 13 520 ³
115 499 191 548 onus
207 478 425 562 cuiuscunque
441 474 571 562 publice
587 478 769 548 funccionis
779 500 799 546 a
809 433 963 564 predictis
981 475 1245 558 fratribnsTem

10 633 12 656 ;
115 587 158 672 pli
173 593 205 652 et
221 605 330 652 eorum
354 585 584 669 iobagionibus
600 594 633 654 et
650 587 833 654 hominibus
850 603 910 671 pro
926 585 1125 670 quibuslibet
1138 589 1235 655 rebus

10 721 12 730 ·
114 700 311 780 presummat.
339 694 478 776 exigere.
497 694 537 760 lit
560 695 640 778 quia
657 693 888 762 nichilominus
919 693 1022 761 nostri
1037 698 1086 761 est
1102 695 1230 778 negocii

10 785 12 792 ¹
115 802 252 869 salubria
278 800 547 888 predecessorum
566 809 746 893 nostrorum
762 801 914 869 instituta
938 802 1124 887 approbare
1139 809 1234 887 atque

10 967 11 972 ,
116 909 290 991 defendere,
308 910 420 975 omnia
436 909 501 989 illa,
520 929 582 992 que
598 929 619 975 a
638 910 903 994 predecessorum
913 914 1097 977 nostrorum
1105 908 1231 993 ,Regum
1352 981 1354 990 ,

10 1009 11 1076 4
114 1015 331 1084 munificencia
348 1016 470 1084 collata
485 1025 561 1084 suut
593 1017 737 1102 predicte
754 1017 877 1085 Milicie
892 1012 1033 1104 Templi,
1052 1020 1231 1086 secundum

10 1115 17 1170 3*
112 1125 322 1192 institucionis
340 1145 453 1206 eorum
470 1125 599 1192 modum
617 1124 650 1190 in
667 1126 737 1192 iure
753 1123 1011 1208 Templariomm
1026 1125 1144 1209 Regali
1160 1146 1233 1193 anc—
1275 1139 1277 1146 ’

10 1327 12 1338 ,
114 1232 236 1298 toritate
252 1233 491 1316 confirmamus,
510 1232 605 1298 sicuti
621 1233 691 1299 Rex
708 1231 898 1298 Homericus
917 1231 1018 1300 irater
1033 1239 1146 1298 noster
1162 1233 1232 1300 dnl-

10 1415 12 1436 ι
111 1341 154 1406 cis
166 1339 409 1407 recordacionis
441 1339 643 1408 confirmarit
660 1347 693 1407 et
708 1339 742 1405 in
758 1341 829 1407 eius
847 1339 1030 1427 privilegiis
1042 1341 1231 1426 continetur,

10 1503 12 1544 ἒ
111 1447 243 1514 scilicet:
259 1446 377 1514 rillam
393 1448 543 1512 hotrum
560 1446 683 1514 Milicie
700 1446 843 1534 Templi,
862 1467 924 1530 que
940 1446 1004 1514 sita
1020 1453 1071 1515 est
1086 1447 1119 1516 in
1136 1456 1232 1538 terra,

10 1551 12 1616 l
112 1574 168 1638 que
182 1561 319 1622 vocatur
342 1554 465 1622 Pisana
488 1556 522 1620 in
539 1555 701 1621 Comituto
719 1553 821 1621 (torre
838 1554 1013 1622 secundom
1028 1557 1186 1626 terminos
1202 1569 1238 1626 et

112 1669 207 1727 metas
223 1662 314 1729 illius
337 1662 428 1731 ville.
442 1662 555 1728 Prima
570 1671 658 1728 meta
675 1660 911 1748 usqueIBelon
928 1660 1046 1730 deinde
1062 1663 1106 1730 ad
1123 1665 1231 1733 Outhi·

10 1755 12 1850 ᾗ
111 1787 179 1834 nam
191 1769 349 1851 usquead
372 1776 501 1853 pontem
518 1767 676 1856 Chaoral,
692 1776 808 1854 postea
824 1769 868 1835 ad
883 1768 1038 1857 Jamitha,
1065 1770 1163 1839 sicuti
1178 1775 1239 1840 ria

112 1875 201 1960 Regis
217 1875 329 1944 estad
347 1877 459 1961 Banc;
476 1885 509 1944 et
535 1879 578 1945 de
593 1879 683 1945 Bana
715 1877 880 1960 usquead
903 1877 1005 1964 Noae,
1024 1884 1057 1944 et
1076 1879 1169 1946 sicuti
1186 1889 1235 1948 est

10 2069 12 2076 Ι
109 1983 167 2070 ria,
181 2003 244 2068 que
261 1984 355 2050 ducit
371 1985 416 2052 ad
432 1984 566 2072 iontem,
578 1985 632 2069 qui
645 1994 695 2052 est
711 1986 805 2052 iuxta
820 1984 972 2070 Gustnni,
988 1983 1111 2052 deinde
1127 1987 1233 2054 tendit

107 2090 146 2156 ad
160 2091 299 2176 primam
328 2100 448 2159 metam
465 2112 527 2176 que
544 2093 663 2180 dicitur
678 2093 791 2160 Belox.
824 2092 957 2159 Terram
974 2112 1049 2161 vero
1066 2093 1107 2159 de
1123 2093 1236 2163 dothi-

109 2217 149 2264 na
162 2219 219 2284 per
235 2199 381 2267 rivulum
398 2199 440 2267 de
466 2199 654 2268 Wolchenis
670 2199 714 2264 ad
730 2205 871 2267 montem
904 2201 1054 2284 superius
1072 2203 1232 2286 usquead

110 2325 255 2390 magnam
273 2309 363 2374 viam
379 2309 450 2374 iure
466 2315 623 2393 perpetuo
656 2305 893 2375 confirmamus.
909 2307 929 2372 J
933 2309 1110 2390 obagiones
1137 2312 1235 2396 siqui·

10 2425 13 2456 ⁵
112 2413 177 2481 dem
194 2424 226 2480 et
241 2433 359 2482 omnes
375 2415 531 2500 homines,
544 2435 623 2497 quos
642 2415 807 2481 habebant
823 2423 967 2500 tempore
982 2417 1132 2500 Magistri
1149 2417 1235 2488 (lau-

10 2587 12 2608 ,
109 2521 176 2588 tridi
199 2522 326 2589 Marcel
343 2529 376 2588 et
390 2521 514 2588 Kalani
540 2523 624 2588 Bani
641 2529 706 2587 tam
732 2525 765 2588 in
783 2521 957 2589 Dalmaoia
974 2543 1069 2606 quam
1086 2525 1121 2591 in
1138 2527 1237 2594 Oroa-

109 2631 163 2712 cla,
183 2629 278 2696 sicuti
311 2635 407 2714 pater
437 2637 547 2696 noster
574 2629 657 2696 bone
674 2631 827 2696 memorie
859 2627 972 2716 B(ele)
988 2631 1058 2696 Rex
1075 2633 1234 2715 predictis

10 2753 17 2832 ³⁶.
49 2731 51 2734 ’
109 2736 255 2804 fratibus
289 2743 507 2822 concesserat,
525 2738 573 2803 ita
599 2743 633 2801 et
649 2757 709 2804 nos
727 2737 758 2802 in
784 2741 975 2821 perpetuum
992 2739 1025 2803 in
1042 2757 1124 2822 pace
1156 2759 1233 2806 eon·

10 2913 13 2944 ·
109 2844 258 2912 cessimus
293 2842 524 2930 possidendos.
558 2844 679 2912 Villam
713 2863 848 2929 quoque,
884 2864 946 2928 que
963 2853 1097 2912 vocatur
1129 2846 1232 2934 (lupa,

111 2971 200 3034 qnam
219 2952 288 3020 illis
305 2974 349 3020 ex
364 2956 575 3019 concessione
590 2953 697 3038 patris
714 2952 816 3019 nostri
849 2949 955 3037 B(ele)
984 2953 1084 3036 Regis
1119 2953 1238 3023 Comes

110 3061 230 3128 nomine
261 3059 411 3127 Wolchis
442 3059 597 3142 erogavit,
614 3058 656 3127 de
682 3078 746 3144 qua
763 3060 842 3125 villa
859 3065 1008 3143 exparte
1041 3059 1140 3143 Regis
1171 3061 1232 3129 fuit

10 3161 12 3250 ζ
109 3167 280 3250 pristaldos
297 3167 414 3234 Petrus
439 3167 544 3232 frater
569 3165 723 3251 Gregorii
739 3166 850 3234 clerici
867 3187 905 3233 eo
921 3171 1068 3251 tempore
1085 3169 1156 3236 vice
1172 3169 1237 3236 Re·

10 3257 12 3276 ?
111 3273 302 3359 gislodus,
320 3273 452 3340 etJurl
470 3273 691 3362 censimus,
724 3274 902 3360 pristaldos
934 3270 1071 3358 pressas
1089 3273 1233 3345 consus.

111 3379 304 3450 Ethiisunt
320 3388 422 3447 testes
438 3400 536 3466 super
552 3381 612 3447 hoc
630 3383 771 3448 donum:
806 3381 933 3446 Michen
951 3389 1044 3465 pater
1067 3382 1236 3452 Wolchete
1280 3445 1284 3452 .

109 3487 145 3555 de
159 3488 282 3556 Belina
298 3495 330 3554 et
344 3487 501 3554 Bramtho
519 3488 559 3554 de
575 3489 720 3556 Boniche
738 3497 770 3555 et
787 3489 922 3556 Brisauo
942 3491 1162 3578 centenarius,
1177 3490 1235 3576 qni

110 3595 200 3662 labet
224 3591 423 3662 divisionem
455 3615 513 3662 sue
529 3600 616 3662 terre
633 3615 704 3661 cum
722 3595 865 3662 eiusdem
892 3603 975 3662 terre
992 3598 1237 3667 termiuacione.

10 3721 11 3750 1
109 3703 239 3787 lusnper
265 3700 429 3784 quoddam
455 3699 601 3786 predium
629 3701 721 3768 Haco
753 3702 893 3790 nomine,
925 3703 1012 3786 quod
1036 3703 1102 3772 illis
1142 3703 1246 3774 dedit·

109 3809 215 3875 Comes
247 3809 480 3894 Gutltemerns‚
512 3809 567 3894 qui
594 3809 708 3876 eodem
724 3815 869 3893 tempore
904 3817 973 3876 erat
1006 3812 1123 3880 Comes
1155 3811 1238 3880 Gor.

10 3915 14 3978 z'
110 3936 149 4000 re,
180 3926 268 3982 etex
286 3917 500 3986 concessione
516 3917 616 4002 Regis
635 3915 805 4001 Stephani,
829 3919 884 4001 qui
901 3937 939 3984 co
956 3925 1101 4003 tempore
1118 3940 1233 4005 regna-

10 4037 11 4080 ἒ
110 4023 151 4089 rit
174 4025 208 4089 iu
226 4023 392 4107 Vngaria;
425 4043 522 4108 super
541 4024 601 4091 hoe
619 4023 765 4108 predium
783 4023 845 4090 snit
861 4023 1037 4107 pristaldos
1064 4025 1231 4093 iohannes

114 4127 150 4196 de
164 4131 289 4196 Drawa
306 4137 338 4196 et
354 4129 471 4196 Comes
489 4129 594 4195 Burili
611 4129 652 4195 de
669 4129 797 4197 (lorice.
825 4128 1004 4208 Quemdam
1018 4129 1145 4197 civilem
1162 4152 1233 4198 cum

10 4229 12 4310 ξ
112 4237 263 4304 iratribus
280 4235 347 4302 suis
365 4237 437 4302 lwk
453 4238 597 4324 nomine,
629 4255 726 4320 quem
744 4237 844 4303 l'rater
875 4243 986 4303 noster
1002 4237 1139 4304 illustris
1155 4236 1238 4326 B(e-

10 4369 12 4450 Ξ
111 4341 258 4430 moriens)
273 4343 344 4410 Rex
361 4343 531 4428 Hungarie
547 4343 702 4430 predictis
718 4345 874 4411 fratribus
885 4342 1022 4412 eontulit
1036 4347 1070 4410 in
1087 4346 1240 4413 clemosi-

10 4451 13 4480 *
112 4473 260 4537 uam,uos
272 4453 320 4520 eis
332 4453 539 4520 concedimus
551 4460 583 4520 et
592 4460 746 4539 perpetuo
756 4453 992 4521 confirmamus.
1006 4453 1122 4522 Forum
1133 4460 1234 4523 eciam

10 4561 12 4620 l
112 4559 192 4645 qnod
208 4560 258 4628 eis
273 4568 366 4646 pater
382 4565 491 4628 noster
511 4558 619 4646 B(ele)
636 4563 708 4628 Rex
723 4561 817 4628 beate
835 4563 988 4628 memorie
1005 4583 1064 4646 pro
1080 4561 1235 4632 luminari

216 4695 320 4734 HORW.
337 4695 420 4732 nunu.
438 4695 508 4735 mss.
524 4705 568 4716 ¹-
584 4698 655 4734 Dm..
672 4697 714 4734 11.
1106 4673 1125 4737 7
