3182 5200
661 375 762 464 di.

603 485 764 500 μμ

115 582 245 660 firmam
283 591 316 658 in
356 595 499 660 eternum
541 591 740 678 tenendam,
780 593 840 659 hee
870 597 1051 660 statuerunt
1082 611 1122 661 ex
1153 587 1247 679 parte

114 701 223 770 tocius
262 699 374 768 Catari
405 719 477 767 oum
508 699 670 769 wascono
708 707 741 767 et
779 705 848 768 tota
873 699 1111 770 Communitate
1142 699 1249 785 Ragn-

1 841 2 847 1
113 809 192 876 sina
225 836 233 877 :
270 814 308 876 nt
344 809 538 892 quicumque
575 810 745 892 Ragnseus
783 809 835 877 vet
874 808 1047 877 Catarinus
1073 807 1248 877 crediderit

116 935 191 1001 sua,
208 919 348 1002 primum
364 914 475 985 uideat
490 917 540 985 oni
550 917 679 1005 eredat3
697 925 729 986 et
745 917 821 985 dum
838 916 1013 984 crediderit
1028 937 1126 1004 super
1136 917 1247 1004 alium,

1 1111 2 1118 ἵ
117 1047 188 1094 mon
227 1027 341 1096 valeat
378 1032 488 1092 tenere
526 1046 563 1094 se
588 1026 651 1093 nisi
676 1045 772 1114 snper
797 1025 941 1095 debitore
957 1046 1025 1094 sno.
1048 1025 1096 1093 Ut
1110 1027 1249 1112 pignora

114 1155 186 1203 non
201 1134 268 1202 sint
282 1135 370 1202 intra
385 1133 562 1219 Ragnsinm
581 1141 612 1201 et
627 1135 795 1219 Catarnm3
821 1143 853 1202 et
868 1137 1064 1220 quicumque
1079 1134 1247 1218 Ragnsens

1 1229 2 1247 ³
113 1243 174 1310 vel
186 1242 358 1309 Catarinns
369 1243 528 1314 iusticiam
539 1241 694 1328 quesierit
708 1261 780 1311 oum
797 1249 887 1310 carta
897 1241 939 1309 de
949 1239 1116 1309 Communi
1128 1239 1248 1329 Civita-

1 1391 2 1423 ι
114 1351 175 1436 tis,
190 1349 293 1418 vadat
307 1349 349 1415 ad
365 1348 562 1434 querendam
578 1349 744 1436 iustitiam,
756 1357 788 1417 et
803 1349 933 1418 rediens
949 1348 993 1416 ad
1003 1349 1177 1417 Civitatem
1192 1369 1244 1417 su·

112 1477 183 1542 am,
202 1463 328 1524 cartam
360 1456 504 1525 adducat
520 1459 561 1525 de
578 1458 812 1526 Communitate
829 1457 989 1544 civitatis,
1007 1456 1048 1524 de
1063 1458 1194 1546 injusto,
1210 1462 1245 1523 nt

1 1583 2 1644 1
105 1565 262 1651 jnaricia,
280 1564 365 1650 qnod
381 1564 479 1633 inerit
492 1585 679 1656 perpessus,
705 1586 776 1634 cnm
794 1575 886 1634 carta
901 1564 1002 1634 radat
1017 1571 1050 1632 ot
1064 1585 1136 1633 enm
1152 1573 1246 1632 carta

1 1679 2 1718 ἒ
109 1675 241 1741 redeat.
267 1674 358 1741 Nulli
389 1673 538 1742 credatur
553 1675 616 1744 nisi
635 1681 755 1744 cartam
786 1674 935 1742 habuerit
950 1673 992 1740 de
1006 1671 1244 1741 communitate

111 1783 282 1852 Civitatis.

1 1957 3 2052 i
242 1981 378 2048 (Irjubica,
398 1983 523 2035 tionum.
543 1997 583 2048 sp.
602 1983 667 2034 hist.
687 1983 761 2035 slav.
781 1982 879 2034 Merid.
899 1983 921 2033 1.
941 1983 1000 2033 ket.
1022 1987 1063 2032 11.
1086 1981 1117 2048 l.)

551 2271 818 2284 ψ

658 2809 711 2876 dt).

113 3007 183 3077 ΙΙΙ.
212 3009 297 3074 Bito
321 3007 498 3093 circipene
522 3007 707 3092 odomdnpcr
738 3030 759 3073 a
790 3006 916 3092 optarat
947 3007 1067 3095 eppheta
1089 3011 1247 3074 eadmero.

639 3115 733 3184 1183.

227 3315 267 3383 Ia
283 3313 412 3382 nomine
428 3314 549 3382 Sancte
564 3313 734 3381 Trinitatis
751 3319 783 3383 et
799 3311 969 3382 Indiuidue
985 3308 1140 3380 Unitatir.
1175 3311 1247 3392 Quo

112 3421 310 3492 racionabili
326 3421 459 3508 pietatis
476 3419 583 3490 studio
600 3419 825 3490 Sacroaanotis
841 3419 999 3506 Ecclesijs
1026 3420 1244 3506 conteruntur,

111 3537 150 3598 nt
166 3530 322 3598 memorie
338 3536 537 3616 posterorum
553 3529 711 3598 tenaciter
725 3527 907 3614 inhereant,
929 3536 961 3596 et
986 3527 1145 3596 inuiolata
1176 3547 1247 3615 per-

8 3704 13 3713 .
115 3646 286 3726 maneant,
303 3637 441 3724 prouida
456 3635 571 3705 statuit
586 3637 762 3722 antiquitas
778 3656 819 3704 ea
834 3635 1076 3723 priuilegiorum
1092 3635 1245 3704 firmitate

115 3747 316 3833 perpetuari.
334 3744 539 3834 Quapropter
548 3747 618 3831 Ego
635 3747 715 3813 Bela
730 3744 849 3813 tercius
865 3746 928 3813 Dei
943 3744 1056 3830 gracia
1069 3743 1246 3830 Brugetia,

39 3873 42 3878 ·
112 3857 303 3938 Daimacie,
321 3853 487 3923 Crowacie
500 3857 667 3940 Rameqne
682 3857 751 3924 Rex
765 3861 876 3922 notnm
892 3851 978 3921 facio
989 3853 1113 3922 cunctis
1125 3850 1247 3920 Christi

112 3963 272 4030 fidelibus
288 3969 353 4028 tam
370 3962 533 4030 modernis
549 3983 645 4047 quam
662 3961 809 4050 posteris,
826 3961 912 4047 quod
927 3960 982 4046 pie
1006 3961 1159 4028 memorie
1188 3977 1247 4046 pa·

112 4077 166 4138 ter
184 4071 361 4138 monstier
378 4070 491 4158 Geysa
506 4070 548 4138 de
565 4070 685 4137 tributo
700 4069 763 4137 sori
777 4069 950 4138 Nitriensis
980 4069 1137 4136 ducentae
1167 4087 1244 4154 pen-

114 4199 189 4262 sas,
210 4177 292 4244 siout
308 4179 342 4244 in
358 4175 530 4264 priuilegio
546 4177 648 4264 ipsius
664 4179 854 4265 continetur,
868 4177 1024 4266 hospitali
1044 4174 1246 4245 domnicius·

115 4285 194 4354 dem
210 4285 285 4371 loci,
303 4286 474 4352 annuatim
488 4285 722 4371 persoluendas
739 4285 928 4353 contulerat.
961 4281 1169 4353 Postmodum
1186 4301 1247 4366 ego

114 4399 257 4482 paterne
273 4389 461 4460 denooionis
477 4413 517 4459 ao
541 4392 673 4481 pietatis
703 4391 855 4480 imitator,
886 4391 1069 4479 paupertati
1100 4391 1248 4459 Ecclesie

118 4499 301 4568 Nitriensis
317 4502 372 4587 pie
388 4503 605 4589 compaciens,
636 4503 770 4570 terciam
800 4507 926 4586 partem
957 4499 1101 4570 eiusdem
1133 4496 1246 4568 tributi

114 4607 229 4692 pontis
243 4606 390 4694 Norhyd,
407 4615 439 4675 et
454 4610 561 4695 pontis
577 4609 631 4695 qui
647 4616 695 4678 est
709 4629 823 4678 uersus
839 4609 958 4696 annr,
990 4614 1023 4674 et
1053 4607 1173 4676 telonei
1205 4607 1247 4672 de

115 4715 516 4807 normannicarum
534 4717 644 4786 bilotis
669 4715 866 4808 forensibus,
899 4731 1033 4804 quorum
1064 4716 1167 4785 maior
1198 4721 1248 4784 est
