3116 5178
438 293 852 396 'As--

84 489 129 560 ud
146 489 207 559 boc
237 487 416 576 deputavit,
434 495 467 556 et
482 477 675 571 Magistrum
690 483 892 552 Benetictum
908 482 1228 569 Quinqueeclcsien··

85 618 166 684 sem,
183 595 311 666 fidelem
328 596 490 664 hominem
506 600 664 679 nostrum,
680 611 740 678 pro
764 591 859 660 metis
883 590 1072 660 eorumdem
1102 591 1229 659 distin-⁷

2 713 4 717 ’
86 707 229 794 guendis
244 705 396 774 dommus
422 702 702 785 transmittendos,
719 722 762 770 ue
777 721 932 788 processu
946 707 1126 787 temporum
1143 720 1216 787 pre*

2 805 4 809 ’
85 814 149 882 tati
163 814 355 899 iobagiones
371 813 480 883 casui
496 811 537 880 dc
551 817 640 880 terra
654 808 869 879 castrensium
886 810 1021 878 valeant
1046 829 1216 898 occupare,

95 923 150 990 vel
182 927 365 990 castrenses
395 926 513 996 contra,
531 917 664 987 eosdem
681 917 887 989 occasionem
904 935 962 985 seu
977 918 1147 986 materiam
1162 919 1221 987 ha·-

88 1033 190 1098 beant
205 1027 408 1115 querelandi.
433 1029 482 1095 Itr
497 1026 626 1118 quibus,
642 1026 797 1096 videlicet
812 1027 1040 1112 iobagionibus
1056 1029 1219 1116 predictis,

87 1144 177 1207 mete
186 1145 346 1206 terrarum
355 1137 455 1226 Petri,
472 1135 632 1225 Gregorii,
650 1135 793 1224 Martini,
809 1134 1043 1225 Bartholomei,
1062 1137 1238 1207 iohannis·

89 1253 122 1315 et
153 1246 329 1335 Dominici,
354 1246 496 1315 filiorum
520 1245 681 1331 Beriulay,
712 1252 809 1330 prout
824 1245 933 1313 dictus
947 1247 1106 1332 Magister
1120 1247 1223 1317 Bene·

90 1355 201 1423 dictus
216 1353 310 1422 nobis
324 1353 445 1438 retulit,
461 1354 547 1421 sicut
561 1356 595 1419 et
611 1350 758 1438 prefatus
773 1352 978 1436 Pangracius
1003 1373 1063 1439 per
1093 1374 1172 1425 suas
1188 1355 1238 1422 ii·-

88 1469 183 1530 tcras
197 1461 369 1547 intimavit,
385 1459 497 1527 taliter
513 1457 736 1543 distinguntur
756 1484 765 1526 ε
781 1456 891 1526 Prima
906 1466 994 1528 meta
1010 1461 1051 1529 de
1066 1460 1224 1534 Palicbna

2 1615 3 1620 ,
90 1568 211 1655 incipit
236 1589 278 1638 ex
293 1577 389 1655 parte
404 1575 488 1636 terre
502 1567 654 1652 Magistri
669 1567 763 1652 Moys
781 1570 824 1636 ab
841 1569 967 1636 oriente
982 1570 1075 1638 iuxta
1094 1572 1238 1642 fluvium

90 1674 340 1746 Obernalikain
351 1676 433 1759 loco,
443 1674 500 1742 ubi
511 1671 740 1742 exitdefluvio
750 1673 794 1740 ad
810 1694 910 1742 unam
927 1675 1057 1763 uadem,
1072 1685 1226 1750 etascen·

1 1792 2 1795 ’
91 1783 143 1852 dit
152 1783 199 1852 ad
209 1790 329 1851 metm
339 1790 477 1851 terream
488 1787 678 1865 separantes
689 1780 810 1849 limites
821 1781 924 1871 Garig
934 1791 967 1850 et
976 1783 1149 1871 deench3
1163 1789 1236 1856 ibi·-

1 1899 2 1968 }
93 1912 159 1977 que
176 1894 280 1961 intrat
294 1893 425 1976 siluam,
451 1897 484 1958 et
508 1908 569 1976 per
587 1889 708 1956 siluam
738 1887 774 1956 in
789 1891 959 1960 arboribus
974 1913 1069 1963 cruce
1084 1894 1239 1981 signatis·

1 1995 2 2068 3
94 1999 285 2085 pervenitur
300 1998 345 2065 ad
360 1998 508 2065 arborem
539 1995 655 2080 tulgfa,
671 1996 732 2063 sub
748 2016 815 2081 qua
831 2004 881 2066 est
895 2008 983 2069 meta
998 2011 1114 2088 terrea,
1132 2012 1166 2072 et
1180 2006 1228 2073 ibi

1 2105 2 2158 ἐ
93 2106 211 2174 relicto
242 2104 398 2174 Yndench
424 2104 539 2191 inc'ipit
555 2109 668 2171 tenere
682 2111 801 2172 mamm
818 2124 890 2173 cum
908 2105 1064 2192 Otrocblr‚
1080 2114 1229 2198 per-val·

94 2212 163 2282 lem
174 2213 309 2282 Subnak
319 2211 482 2282 veniendo
492 2231 550 2298 per
565 2229 720 2296 magnum
736 2212 883 2297 spacium
900 2215 990 2283 cadit
1000 2219 1034 2284 in
1044 2219 1228 2303 predictum

94 2322 232 2391 fluvium
263 2320 483 2404 Obernulika3
509 2319 628 2388 deinde
659 2317 828 2388 descendit
857 2342 961 2409 usque
991 2324 1035 2392 ad
1051 2326 1157 2394 locum
1172 2331 1229 2398 ubi

96 2429 225 2496 rivulus
242 2427 402 2496 Palichna
422 2427 512 2495 cadit
525 2427 561 2494 in
578 2425 716 2494 eundem
739 2425 984 2520 Obemalikam,
1000 2454 1060 2520 per
1092 2435 1229 2504 naulum

96 2543 207 2604 autern
240 2534 401 2603 Palicbna
431 2533 590 2603 ueniendo
621 2534 771 2620 superius
801 2536 869 2604 exit
903 2538 949 2605 ad
983 2561 1081 2609 unam
1107 2546 1238 2614 siccam

97 2643 230 2728 uallem,
247 2652 280 2711 et
293 2664 354 2731 per
370 2663 442 2711 eam
458 2641 551 2710 radit
565 2642 716 2726 superius
741 2643 784 2710 ad
815 2644 964 2714 arborem
996 2651 1102 2736 tulgta
1135 2671 1233 2722 cruce

1 2751 2 2806 ἒ
99 2751 287 2837 signatam5
311 2750 432 2817 deinde
462 2749 506 2816 ad
536 2750 626 2817 dum
656 2749 712 2819 ubi
727 2757 804 2819 sunt
819 2751 882 2820 due
897 2761 993 2840 mete,
1009 2778 1076 2826 una
1091 2757 1239 2828 filiorum-

1 2861 2 2898 ³
99 2858 258 2928 Beriuimi
272 2858 307 2926 in
322 2855 487 2944 gertanfa,
503 2857 609 2925 altera
624 2854 770 2925 Otrochk
784 2859 819 2926 in
849 2861 955 2947 naria,
987 2862 1097 2948 ibique
1128 2865 1233 2934 intrat

1 2965 2 2968 ’
100 2987 256 3053 magnam
287 2967 418 3052 silvam,
449 2973 483 3033 et
512 2984 573 3051 per
602 2962 743 3032 medium
766 2966 857 3034 'silve
888 2967 994 3037 eundo
1010 2971 1043 3037 in
1061 2973 1231 3045 arboribus

1 3067 2 3122 ἲ
101 3095 199 3143 cruce
230 3074 371 3162 signatis
403 3075 471 3142 exit
487 3075 532 3144 ad
548 3074 636 3142 riam
652 3077 687 3141 in
702 3074 856 3166 planicie,
872 3088 906 3146 et
924 3081 1127 3151 nauseando
1145 3086 1240 3152 viem-

103 3190 153 3252 est
169 3191 258 3251 meta
273 3183 335 3252 sub
351 3185 468 3252 arbore
484 3180 581 3248 basia
590 3203 630 3250 ex
639 3191 735 3270 parte
749 3189 835 3252 terre
852 3185 977 3271 Castri5
1000 3188 1077 3257 inde
1093 3191 1243 3261 tenendo·

1 3279 2 3328 ³
101 3299 224 3360 metam
255 3310 329 3359 cum
359 3289 582 3358 castrensibus
606 3290 697 3358 vadit
712 3291 755 3358 ad
772 3293 890 3360 vailem
905 3293 950 3362 ad
965 3303 1087 3364 metam
1105 3299 1169 3366 sub
1185 3317 1239 3367 ar·

1 3419 2 3496 ᾗ
101 3402 184 3469 bore
198 3396 314 3484 bikfa3
337 3396 472 3465 indeed
488 3404 588 3482 caput
604 3397 689 3466 dicte
704 3399 813 3487 vullis,
830 3401 886 3470 ubi
902 3409 953 3470 est
970 3410 1059 3472 meta
1073 3405 1108 3472 in
1118 3407 1237 3476 arbore

1 3499 2 3554 i
104 3507 233 3594 tulgia5
255 3504 374 3575 deiude
388 3525 506 3592 parum
522 3502 629 3573 eundo
644 3507 745 3573 intrat
761 3508 876 3575 silvam
902 3509 937 3575 in
968 3512 1085 3579 arbore
1117 3514 1246 3583 biensa.

103 3635 202 3685 cruce
218 3614 369 3698 signata3
392 3612 472 3680 inde
500 3612 607 3682 eundo
623 3634 683 3701 per
698 3614 814 3682 silvam
829 3615 921 3684 vadit
937 3618 980 3684 ad
995 3618 1102 3706 riam5
1127 3628 1163 3691 et
1179 3623 1234 3692 de·

1 3785 2 3804 ,
105 3725 186 3793 inde
212 3725 281 3793 exit
294 3722 340 3792 ad
354 3723 503 3792 semitam
519 3725 601 3791 etin
617 3743 656 3791 ea
673 3725 779 3794 eundo
795 3725 898 3794 intrat
913 3729 1014 3796 aliam
1029 3731 1171 3818 silvem3
1196 3733 1245 3802 de

1 3848 3 3908 ἰ
106 3834 170 3901 illa
185 3830 255 3899 exit
269 3831 313 3897 ad
329 3829 446 3917 tulgia,
462 3831 524 3898 sub
541 3851 606 3916 qua
622 3839 674 3899 est
690 3840 777 3900 meta
792 3839 919 3919 terrea3
935 3834 1013 3904 inde
1028 3834 1148 3906 directe
1164 3857 1247 3907 eun·-

107 3942 153 4011 do
185 3957 300 4008 remus
317 3937 519 4007 occidentem
534 3938 623 4005 cadit
638 3939 819 4026 invallem,
835 3948 870 4008 et
885 3942 926 4010 de
942 3943 1030 4011 valle
1045 3943 1090 4010 ad
1105 3951 1242 4034 metum,

108 4049 221 4131 ibique
238 4047 339 4113 intrat
354 4045 455 4114 aliam
469 4046 603 4135 vallem,
619 4045 654 4114 in
672 4047 764 4116 cuius
781 4050 891 4135 capite
922 4058 971 4118 est
1001 4058 1089 4118 meta
1121 4059 1247 4142 tenea,

1 4201 2 4248 r
109 4156 223 4240 ibique
238 4154 340 4222 intrat
355 4153 484 4240 silvam,
496 4160 528 4221 et
538 4155 642 4224 eundo
658 4157 789 4223 venitur
804 4157 847 4222 ad
863 4159 1015 4225 arborem
1031 4156 1126 4228 bikia
1141 4160 1244 4229 'cruce

111 4263 298 4348 singutam3
322 4279 381 4346 per
396 4259 539 4329 medium
555 4260 639 4331 silve
654 4261 761 4330 eundo
777 4261 810 4329 in
827 4264 998 4332 arboribus
1022 4285 1117 4333 cruce
1132 4267 1246 4352 signa·

1 4369 2 4418 ³
111 4371 155 4440 tis
171 4369 239 4440 exit
256 4369 299 4436 ad
314 4374 434 4437 metam
450 4377 590 4438 terream
605 4370 697 4438 iuxta
714 4373 812 4455 dam,
830 4380 863 4440 et
873 4391 931 4458 per
946 4372 1034 4440 viam
1051 4374 1181 4444 venitur
1197 4373 1249 4442 ad

1 4485 2 4556 ἶ
113 4485 234 4546 metam
263 4475 325 4544 snb
356 4476 473 4545 arbore
503 4475 644 4564 almafa3
669 4477 748 4547 iude
778 4478 872 4550 vadit
886 4480 1066 4549 admotam
1082 4483 1144 4550 sub
1160 4482 1245 4570 piro,

112 4585 223 4672 ibique
237 4583 354 4654 relicto
369 4583 485 4654 Castro
499 4584 615 4673 incipit
639 4592 750 4657 tenere
772 4596 892 4658 metam
923 4609 996 4658 cum
1027 4588 1163 4660 'retiisa
1195 4591 1251 4659 in·
