3184 5186
596 324 756 424 —4-5-7-
829 379 834 383 .

104 524 166 610 qui
183 523 290 592 eidem
304 520 399 588 fratri
417 517 596 588 Remboldo
613 516 803 586 immediate
818 515 975 586 successit
990 535 1031 584 ex
1045 535 1111 582 una
1136 522 1239 601 parte,

110 640 143 698 et
158 629 262 698 Paulo
278 625 407 712 prefato
422 625 489 694 tilio
505 624 635 711 Borych
652 623 737 692 Bani
752 642 863 694 corum
879 622 971 691 nobis
988 621 1175 691 constitutis
1199 642 1241 689 ex

110 737 228 823 altera,
245 754 318 803 cum
333 734 375 802 de
391 733 516 802 meritis
532 749 630 801 cause
645 731 748 818 ipsius
765 729 975 817 presentibus
1000 730 1117 798 uostris
1142 731 1241 799 Boro-

110 844 208 910 uibns
223 860 500 928 cognosceremus,
517 839 553 907 in
567 839 641 927 ipse
656 839 821 909 instancia
834 836 956 922 ludicij
974 835 1140 924 prodictus
1156 838 1239 904 Pon-

109 953 163 1018 ius
179 949 403 1035 deprehensus
418 954 468 1016 est
498 955 630 1016 nostras
661 947 784 1038 Regias
815 947 943 1016 litteras
971 944 1060 1015 falso
1075 983 1120 996 -
1136 986 1180 999 -
1197 983 1240 995 -

109 1061 187 1126 isse.
211 1056 292 1124 (lum
309 1057 420 1146 igitur,
437 1065 470 1125 et
486 1059 516 1125 si
532 1056 656 1142 aliquid
672 1057 754 1124 iuris
769 1057 802 1124 iu
833 1054 982 1143 predicta
1010 1061 1098 1125 terre
1128 1052 1240 1121 Sancti

110 1164 246 1233 llnrtim
262 1162 409 1250 prefatus
435 1165 560 1233 Paulus
592 1163 736 1249 haberet,
769 1169 901 1250 propter
930 1162 1050 1230 vicium
1080 1167 1243 1248 comperte

111 1271 272 1340 falsitatis
287 1271 361 1357 ipse
378 1279 465 1341 terra
479 1271 593 1339 Sancti
609 1270 750 1356 Martini,
765 1272 849 1339 sicut
864 1278 897 1337 et
918 1268 1087 1338 olisbona
1111 1287 1173 1337 sus
1198 1266 1240 1334 ed

111 1389 245 1448 nostras
260 1399 377 1447 manus
396 1385 508 1448 essent
522 1377 637 1448 merito
652 1377 815 1465 deuolute,
830 1399 891 1447 nos
906 1376 1086 1446 deliberato
1097 1375 1240 1443 omnium

7 1501 9 1546 ;
110 1487 279 1553 Beronum
295 1495 489 1572 nostrorum,
515 1486 572 1570 qui
597 1493 674 1553 tnnc
705 1483 853 1569 aderent,
885 1485 1030 1570 consilio,
1059 1482 1242 1571 predictum

108 1593 369 1679 Zegrabiensem
384 1593 583 1680 Episcopum
599 1613 699 1679 super
714 1593 787 1677 ipsa
803 1599 891 1660 terre
905 1593 1017 1660 Sancti
1044 1591 1174 1660 Martini
1201 1593 1242 1658 ab

7 1789 14 1798 ι
112 1701 324 1786 impeticioue
349 1701 452 1788 ipsius
476 1699 585 1788 Pauli,
611 1708 644 1769 et
667 1701 809 1769 omnium
834 1699 889 1786 qui
914 1700 1055 1786 nomine,
1086 1697 1155 1765 iure
1184 1703 1242 1766 seu

113 1807 288 1877 occasione
309 1807 413 1896 ipsius
436 1808 533 1877 Pauli
557 1807 664 1894 ipsum
688 1809 884 1894 impeterent
906 1807 961 1874 vel
984 1807 1140 1893 impetere
1172 1823 1244 1890 poa·

113 1923 200 2000 sent,
238 1915 479 1984 sentencialiter
521 1913 673 1983 duximus
714 1911 950 1983 absoluendum
962 1937 970 1996 ;
1018 1911 1243 1982 adiudiceutes

115 2022 224 2091 eidem
241 2023 401 2110 Episcopo
417 2043 476 2108 per
490 2021 629 2093 moriem
645 2025 845 2092 sentenciam
862 2021 1020 2108 preditam
1035 2027 1154 2090 terram
1164 2022 1244 2090 San·

7 2153 8 2162 ³
115 2131 160 2198 cti
177 2130 309 2198 llertini
325 2139 484 2217 perpetuo
500 2136 534 2198 et
548 2129 685 2217 pacifice
700 2129 941 2217 possidendam.
966 2131 1004 2198 Iu
1020 2129 1112 2198 cuius
1129 2129 1177 2198 rei
1192 2128 1243 2196 lir-

7 2265 8 2274 2
115 2241 264 2306 mitatem
281 2243 312 2306 et
327 2239 425 2306 robur
442 2243 609 2324 presentes
624 2236 752 2306 litteras
768 2244 898 2306 nostres
915 2239 1134 2306 concessimus
1144 2236 1245 2324 sigilli

115 2347 221 2413 nostri
238 2343 412 2412 munimine
443 2346 624 2413 roboratos.
662 2346 783 2412 Datum
816 2354 848 2416 et
878 2351 986 2414 actum
1016 2345 1100 2414 Albe
1131 2347 1246 2431 quinte

6 2489 8 2534 3
115 2453 202 2522 ieris
220 2461 294 2540 post
306 2455 427 2522 festum
454 2451 568 2520 Sancti
593 2452 762 2521 Michaelis
793 2473 880 2521 anno
912 2453 1043 2521 Domini
1073 2453 1246 2521 millesimo

6 2545 9 2640 ἰ
111 2563 340 2632 ducentesimo
355 2563 624 2650 quinquagesimo
640 2583 735 2630 nono.

6 2731 8 2840 j
112 2764 179 2824 (ru.
200 2763 301 2814 usuro
321 2762 472 2826 uersuum
493 2762 606 2813 mro-ru
633 2762 800 2829 megenum
831 2762 1083 2828 privuegrumtoot
1116 2778 1133 2814 e
1162 2763 1247 2814 uenat

6 2847 7 2852 '
265 2857 320 2908 kir.
339 2856 466 2908 kamarai
485 2854 661 2906 levtltarnsk
679 2851 848 2920 Zegrtbban
866 2852 929 2902 levo
951 2853 1102 2916 resstbeu.)

653 3674 729 3744 318.

6 3895 8 3922 ³
120 3871 185 3940 IV.
211 3873 295 3941 Belo
312 3869 423 3962 kirtly
440 3896 522 3940 acco
539 3875 775 3962 torvenyiceeesi
790 3876 925 3963 lippiens,
954 3877 1039 3962 moly
1069 3898 1091 3940 a
1122 3875 1255 3962 cdprcibi

6 4003 8 4016 ³
117 3980 281 4066 ldptalao
298 3982 330 4047 eo
356 3977 483 4072 derc'b
507 3986 602 4051 coros
627 3983 699 4048 tect
720 3981 823 4069 folyt,
855 3983 905 4048 icet
936 3985 1040 4050 ononi
1070 3982 1200 4049 mclmct
1232 4004 1255 4046 a

208 4089 389 4154 ciuorcirok
405 4089 540 4176 euprobi
555 4088 804 4155 morostorclcalc
820 4089 957 4154 hatctroz
972 4089 1046 4155 oda.
1070 4087 1164 4154 1259.

220 4281 383 4348 moratos,
401 4283 526 4336 Menum.
546 4283 612 4336 hist.
632 4285 725 4350 Episc-
744 4283 940 4351 zagmbiemis
957 4285 980 4338 1.
999 4287 1058 4339 aea
1080 4289 1139 4338 121.
1152 4285 1183 4350 l)

561 4571 829 4582 -a——n
