3116 5178
614 964 691 1034 acl.

91 1163 149 1228 IV.
164 1165 248 1230 Bc'lo
263 1165 374 1251 kirulp
390 1163 552 1252 enpeddlyt
568 1164 613 1230 td
627 1164 723 1229 Boot
753 1186 855 1230 comeo
884 1167 1040 1234 trencadoe'
1060 1165 1216 1256 sdispdo·

4 1363 6 1376 .
91 1273 162 1357 acle,
177 1273 260 1358 bopy
276 1296 318 1338 aa
333 1273 532 1356 odomdnydl
549 1283 644 1358 repert
667 1271 858 1351 Zobodpcba
882 1281 963 1338 neoti
985 1273 1095 1358 soldet
1126 1274 1214 1340 elad·
1244 1336 1246 1344 .

538 1383 644 1446 banaa.
661 1379 760 1444 1251.

192 1573 274 1640 Belo
290 1573 355 1640 Dei
370 1574 483 1658 gracia
499 1572 678 1658 Hungerie,
710 1573 889 1660 Dalmacie,
922 1571 1072 1660 Croaoie,
1102 1577 1217 1660 Rame,

90 1678 204 1761 Seruie,
222 1677 377 1762 Gallieie,
393 1681 598 1766 Lodomerie,
616 1679 837 1765 Cumanieque
853 1682 923 1749 Rex
933 1682 1084 1750 omnibus
1096 1682 1215 1750 Christi

91 1785 235 1853 fidelibus
250 1795 438 1873 presentem
454 1789 613 1873 paginam
628 1789 830 1873 inspecturis
847 1788 986 1856 salutem
1012 1789 1046 1856 in
1073 1791 1215 1857 Domino

89 1891 160 1960 Jesu
175 1892 315 1962 Christo.
340 1894 434 1975 Quod
458 1896 564 1979 Regia
594 1894 791 1962 auctoritate
813 1896 970 1984 sancitur,
1002 1896 1216 1966 fundamento

4 1977 7 2060 ἷ
91 1999 232 2069 innititur
247 2011 407 2090 perpetue
421 2002 597 2071 firmitatis.
618 2005 703 2072 Hine
718 2009 778 2090 est,
812 2003 899 2088 quod
916 2003 961 2069 ad
992 2005 1215 2074 uniuersorum

4 2107 7 2200 j
43 2095 53 2109 “
92 2109 240 2174 noticiam
257 2117 372 2176 tenore
387 2109 594 2197 presencium
608 2109 757 2176 volumus
790 2108 965 2193 peruenire
981 2109 1094 2197 :quod
1124 2115 1214 2182 Baas

4 2207 6 2298 ξ
92 2213 169 2283 llius
187 2218 325 2287 Comitis
343 2219 430 2286 Baas
446 2219 561 2286 (lomes
577 2217 845 2304 Trincbynienris
872 2219 1011 2288 dilectus
1042 2224 1075 2288 et
1106 2221 1215 2291 fidelis

90 2329 199 2412 noster,
231 2326 277 2392 ad
294 2333 440 2393 nostram
456 2325 616 2395 accedens
631 2329 837 2411 presenciam
854 2347 874 2392 a
889 2326 985 2394 nobis
1001 2347 1073 2396 cum
1090 2330 1217 2398 instan-

4 2425 6 2488 ἑ
92 2428 139 2494 eia
154 2433 351 2516 postulauit,
368 2432 454 2518 quod
471 2453 542 2500 cum
562 2436 644 2520 ipse,
660 2452 719 2517 pro
735 2433 929 2518 quibusdam
953 2434 1022 2500 suis
1053 2437 1219 2520 oportuni·

4 2523 6 2622 p
91 2537 206 2605 tatibus
223 2546 259 2606 et
275 2540 526 2607 necessitatibus
545 2560 618 2607 eum
635 2541 904 2626 compellentibus
936 2540 1121 2624 euidenter,
1154 2551 1217 2612 ter-

4 4429 6 4556 t

4 4575 6 4636 t
95 4572 172 4642 locis
189 4576 329 4646 desertis
347 4574 590 4664 possidendam.
630 4577 674 4643 Vt
689 4578 789 4663 igitur
805 4577 901 4646 huius
917 4576 1123 4647 uendicionis
1147 4580 1219 4650 siue

91 2664 154 2710 ram
169 2669 264 2715 suam
281 2648 482 2733 Zobodycha
507 2655 668 2728 uocatam,
699 2667 764 2732 que
788 2648 954 2734 quondam
987 2656 1076 2716 terra
1107 2650 1216 2717 (lastri

91 2754 185 2820 nmtri
201 2754 243 2821 de
258 2755 355 2820 Bana
371 2754 487 2843 fuerat,
505 2773 602 2839 quam
619 2775 678 2841 pro
709 2755 777 2821 suis
809 2754 959 2824 fidelibus
991 2755 1154 2841 obsequijs
1185 2764 1217 2824 et

91 2857 301 2927 fidelitatibus
317 2861 494 2946 meritorijs
511 2859 551 2926 de
567 2866 681 2928 nostra
698 2862 812 2944 grama
828 2871 877 2928 est
893 2862 1045 2946 adeptus,
1062 2861 1217 2945 quemad·

91 2967 215 3032 modum
231 2966 442 3054 priuilegium
460 2968 641 3036 confectum
658 2968 778 3035 exinde
793 2967 826 3034 id
843 2969 996 3035 declarat
1010 2987 1068 3052 per
1084 2970 1217 3052 singula

92 3070 242 3161 seriatim,
277 3093 439 3158 exponere
463 3074 648 3142 nendioioni
675 3074 839 3162 disponat,
872 3082 905 3140 ct
935 3074 980 3142 ad
1011 3073 1216 3144 uendendum

92 3181 268 3262 predictam
293 3183 534 3268 possessionem
567 3183 645 3251 dare
676 3183 706 3250 ei
737 3183 908 3250 licenciam
940 3182 983 3250 de
1014 3185 1218 3268 benignitate

91 3288 187 3373 Regia
203 3290 425 3376 dignaremur.
449 3291 519 3357 Nos
534 3296 644 3359 autem
661 3289 880 3379 attendentes,
896 3289 983 3375 quod
998 3290 1092 3360 iustis
1108 3299 1216 3378 peten-

93 3395 170 3462 tium
188 3395 439 3482 desiderijsnos
472 3396 589 3464 deceat
620 3397 750 3464 facilem
782 3399 918 3482 prebere
949 3417 1154 3482 eonsensum,
1185 3407 1218 3466 et

91 3511 174 3591 uota,
190 3526 255 3590 que
272 3526 294 3572 a
309 3505 451 3574 racionis
478 3504 609 3572 tramite
640 3525 704 3570 non
737 3505 936 3589 discordant,
959 3505 1077 3574 effectu
1108 3527 1219 3593 prose·

92 3620 205 3691 quente
222 3613 386 3696 complere
400 3636 407 3698 ς
431 3612 538 3680 eidem
554 3613 641 3679 Baas
658 3611 776 3678 domiti
790 3612 1032 3681 Trincbiniensi
1049 3613 1168 3682 dilecto
1184 3622 1217 3684 et

92 3717 176 3786 fideli
190 3725 303 3787 nostro
321 3719 365 3784 ad
380 3719 587 3788 rendendum
606 3720 783 3805 predictam
801 3725 922 3785 terram
940 3720 1091 3788 dedimus
1118 3720 1220 3789 licen·

93 3823 170 3892 eiam
184 3827 369 3912 specialem
387 3853 395 3892 ε
413 3827 468 3912 qui
485 3827 613 3894 demum
629 3845 665 3894 se
681 3827 871 3910 recognocit
887 3833 919 3893 et
934 3829 1106 3896 confessus
1124 3831 1217 3896 estin

93 3938 198 4000 nostro
214 3941 403 4022 conspectu,
430 3941 636 4021 prenotatam
668 3935 906 4020 possessionem
937 3954 1030 4001 suam
1060 3935 1219 4021 Magistro

93 4040 162 4108 obe
177 4041 244 4109 filio
260 4041 332 4108 Abe
348 4039 468 4108 dilecto
485 4046 518 4108 et
532 4039 623 4106 fideli
639 4047 748 4108 nostro
764 4039 962 4126 uendidisse,
979 4042 1170 4126 assignasse
1185 4052 1219 4114 et

93 4149 276 4232 exposuisse
292 4170 352 4236 pro
369 4147 589 4232 quadraginta
605 4147 725 4215 marcis
741 4148 796 4214 tini
807 4147 935 4230 argenti
946 4145 1042 4233 plene
1051 4148 1095 4215 ab
1105 4149 1218 4218 eodem

93 4257 228 4342 receptis
243 4258 496 4342 imperpetuo,
514 4264 582 4322 tam
600 4256 673 4342 sibi,
691 4277 788 4340 quam
807 4253 875 4323 suis
893 4255 969 4340 filijs
988 4261 1019 4320 et
1044 4261 1218 4342 posterita-

93 4359 175 4428 tibus
204 4364 401 4431 suecessiuis
427 4361 691 4430 inreoocabiliter
707 4383 779 4429 cunr
796 4363 945 4431 omnibus
961 4362 1160 4434 utilitatibus
1185 4375 1219 4435 et

94 4469 303 4566 pertinencijs
320 4472 400 4557 ruis,
426 4490 497 4537 cum
514 4468 608 4538 siluis
625 4469 791 4559 uidelicet,
822 4469 1021 4552 nemoribus,
1050 4469 1171 4541 fenetis
1186 4483 1220 4542 et
