<?xml version="1.0" encoding="UTF-8"?>
<!DOCTYPE html PUBLIC "-//W3C//DTD XHTML 1.0 Transitional//EN"
    "http://www.w3.org/TR/xhtml1/DTD/xhtml1-transitional.dtd">
<html xmlns="http://www.w3.org/1999/xhtml" xml:lang="en" lang="en">
 <head>
  <title>
</title>
<meta http-equiv="Content-Type" content="text/html;charset=utf-8" />
  <meta name='ocr-system' content='tesseract 3.04.00' />
  <meta name='ocr-capabilities' content='ocr_page ocr_carea ocr_par ocr_line ocrx_word'/>
</head>
<body>
  <div class='ocr_page' id='page_1' title='image "./codexdiplomatic01wenzgoog_0580.png"; bbox 0 0 3206 5184; ppageno 0'>
   <div class='ocr_carea' id='block_1_1' title="bbox 890 903 962 970">
    <p class='ocr_par' dir='ltr' id='par_1_1' title="bbox 890 903 962 970">
     <span class='ocr_line' id='line_1_1' title="bbox 890 903 962 970; baseline 0 0"><span class='ocrx_word' id='word_1_1' title='bbox 890 903 962 970; x_wconf 79' lang='lat'>381.</span> 
     </span>
    </p>
   </div>
   <div class='ocr_carea' id='block_1_2' title="bbox 364 1101 1495 1298">
    <p class='ocr_par' dir='ltr' id='par_1_2' title="bbox 364 1101 1495 1298">
     <span class='ocr_line' id='line_1_2' title="bbox 364 1101 1495 1190; baseline -0.004 -22"><span class='ocrx_word' id='word_1_2' title='bbox 364 1103 493 1190; x_wconf 77' lang='lat' dir='ltr'><strong>Mttaty</strong></span> <span class='ocrx_word' id='word_1_3' title='bbox 508 1101 615 1169; x_wconf 79' lang='lat' dir='ltr'><strong>Saaai</strong></span> <span class='ocrx_word' id='word_1_4' title='bbox 632 1126 730 1168; x_wconf 79' lang='lat' dir='ltr'><strong>comas</strong></span> <span class='ocrx_word' id='word_1_5' title='bbox 748 1103 806 1170; x_wconf 84' lang='lat' dir='ltr'><strong>IV.</strong></span> <span class='ocrx_word' id='word_1_6' title='bbox 823 1102 905 1168; x_wconf 74' lang='lat' dir='ltr'><strong>Rota</strong></span> <span class='ocrx_word' id='word_1_7' title='bbox 920 1101 1027 1187; x_wconf 71' lang='lat' dir='ltr'><strong>tiratp</strong></span> <span class='ocrx_word' id='word_1_8' title='bbox 1052 1104 1333 1189; x_wconf 73' lang='lat' dir='ltr'><strong>mapbapydaiaok</strong></span> <span class='ocrx_word' id='word_1_9' title='bbox 1349 1102 1495 1189; x_wconf 79' lang='lat' dir='ltr'><strong>foiytcin</strong></span> 
     </span>
     <span class='ocr_line' id='line_1_3' title="bbox 408 1207 1449 1298; baseline -0.003 -22"><span class='ocrx_word' id='word_1_10' title='bbox 408 1211 515 1276; x_wconf 81' lang='lat' dir='ltr'><strong>Krala</strong></span> <span class='ocrx_word' id='word_1_11' title='bbox 522 1211 602 1296; x_wconf 74' lang='lat' dir='ltr'><strong>foto</strong></span> <span class='ocrx_word' id='word_1_12' title='bbox 611 1207 777 1294; x_wconf 67' lang='lat' dir='ltr'><strong>seterdszdt</strong></span> <span class='ocrx_word' id='word_1_13' title='bbox 794 1209 940 1295; x_wconf 74' lang='lat' dir='ltr'><strong>dtenpsdi</strong></span> <span class='ocrx_word' id='word_1_14' title='bbox 955 1233 977 1275; x_wconf 84' lang='lat' dir='ltr'><strong>a</strong></span> <span class='ocrx_word' id='word_1_15' title='bbox 994 1209 1146 1295; x_wconf 78' lang='lat' dir='ltr'><strong>toprtairai</strong></span> <span class='ocrx_word' id='word_1_16' title='bbox 1161 1211 1319 1298; x_wconf 64' lang='lat' dir='ltr'><strong>aportat.</strong></span> <span class='ocrx_word' id='word_1_17' title='bbox 1346 1211 1449 1275; x_wconf 80' lang='lat'><em>1264.</em></span> 
     </span>
    </p>
   </div>
   <div class='ocr_carea' id='block_1_3' title="bbox 363 1403 1579 2673">
    <p class='ocr_par' dir='ltr' id='par_1_3' title="bbox 363 1403 1579 2673">
     <span class='ocr_line' id='line_1_4' title="bbox 470 1403 1491 1493; baseline -0.005 -20"><span class='ocrx_word' id='word_1_18' title='bbox 470 1405 638 1473; x_wconf 85' lang='lat' dir='ltr'><strong>Universis</strong></span> <span class='ocrx_word' id='word_1_19' title='bbox 670 1405 731 1473; x_wconf 85' lang='lat' dir='ltr'><strong>has</strong></span> <span class='ocrx_word' id='word_1_20' title='bbox 762 1406 875 1474; x_wconf 87' lang='lat' dir='ltr'><strong>literas</strong></span> <span class='ocrx_word' id='word_1_21' title='bbox 907 1405 1110 1491; x_wconf 77' lang='lat' dir='ltr'><strong>inspecturis,</strong></span> <span class='ocrx_word' id='word_1_22' title='bbox 1143 1405 1293 1493; x_wconf 82' lang='lat' dir='ltr'><strong>Myobael</strong></span> <span class='ocrx_word' id='word_1_23' title='bbox 1310 1404 1431 1471; x_wconf 78' lang='lat' dir='ltr'><strong>(tomes</strong></span> <span class='ocrx_word' id='word_1_24' title='bbox 1449 1403 1491 1469; x_wconf 81' lang='lat' dir='ltr'><strong>de</strong></span> 
     </span>
     <span class='ocr_line' id='line_1_5' title="bbox 363 1511 1494 1599; baseline -0.003 -20"><span class='ocrx_word' id='word_1_25' title='bbox 363 1513 452 1580; x_wconf 87' lang='lat' dir='ltr'><strong>Sana</strong></span> <span class='ocrx_word' id='word_1_26' title='bbox 481 1516 662 1599; x_wconf 73' lang='lat' dir='ltr'><strong>subscripta</strong></span> <span class='ocrx_word' id='word_1_27' title='bbox 692 1511 821 1581; x_wconf 82' lang='lat' dir='ltr'><strong>veritati</strong></span> <span class='ocrx_word' id='word_1_28' title='bbox 855 1513 952 1580; x_wconf 84' lang='lat' dir='ltr'><strong>tidem</strong></span> <span class='ocrx_word' id='word_1_29' title='bbox 983 1511 1147 1581; x_wconf 82' lang='lat' dir='ltr'><strong>adhibere.</strong></span> <span class='ocrx_word' id='word_1_30' title='bbox 1162 1513 1319 1580; x_wconf 83' lang='lat' dir='ltr'><strong>Norerint</strong></span> <span class='ocrx_word' id='word_1_31' title='bbox 1335 1513 1494 1588; x_wconf 81' lang='lat' dir='ltr'><strong>universi,</strong></span> 
     </span>
     <span class='ocr_line' id='line_1_6' title="bbox 364 1619 1497 1707; baseline 0.002 -21"><span class='ocrx_word' id='word_1_32' title='bbox 364 1621 450 1703; x_wconf 87' lang='lat' dir='ltr'><strong>quod</strong></span> <span class='ocrx_word' id='word_1_33' title='bbox 474 1641 534 1688; x_wconf 88' lang='lat' dir='ltr'><strong>nos</strong></span> <span class='ocrx_word' id='word_1_34' title='bbox 551 1619 592 1687; x_wconf 87' lang='lat' dir='ltr'><strong>da</strong></span> <span class='ocrx_word' id='word_1_35' title='bbox 609 1619 766 1687; x_wconf 84' lang='lat' dir='ltr'><strong>mandato</strong></span> <span class='ocrx_word' id='word_1_36' title='bbox 782 1630 814 1689; x_wconf 85' lang='lat' dir='ltr'><strong>et</strong></span> <span class='ocrx_word' id='word_1_37' title='bbox 830 1627 984 1707; x_wconf 79' lang='lat' dir='ltr'><strong>precepto</strong></span> <span class='ocrx_word' id='word_1_38' title='bbox 1000 1621 1262 1689; x_wconf 77' lang='lat' dir='ltr'><strong>exoellantissimi</strong></span> <span class='ocrx_word' id='word_1_39' title='bbox 1278 1621 1405 1687; x_wconf 92' lang='lat' dir='ltr'><strong>domini</strong></span> <span class='ocrx_word' id='word_1_40' title='bbox 1423 1640 1497 1688; x_wconf 89' lang='lat' dir='ltr'><strong>nos·</strong></span> 
     </span>
     <span class='ocr_line' id='line_1_7' title="bbox 364 1727 1576 1826; baseline -0.003 -30"><span class='ocrx_word' id='word_1_41' title='bbox 364 1727 408 1796; x_wconf 89' lang='lat' dir='ltr'><strong>tri</strong></span> <span class='ocrx_word' id='word_1_42' title='bbox 426 1729 523 1812; x_wconf 80' lang='lat' dir='ltr'><strong>Regis</strong></span> <span class='ocrx_word' id='word_1_43' title='bbox 541 1728 694 1814; x_wconf 83' lang='lat' dir='ltr'><strong>Vngarie,</strong></span> <span class='ocrx_word' id='word_1_44' title='bbox 710 1728 919 1797; x_wconf 81' lang='lat' dir='ltr'><strong>medietatem</strong></span> <span class='ocrx_word' id='word_1_45' title='bbox 935 1737 1021 1797; x_wconf 81' lang='lat' dir='ltr'><strong>terre</strong></span> <span class='ocrx_word' id='word_1_46' title='bbox 1037 1729 1079 1795; x_wconf 86' lang='lat' dir='ltr'><strong>de</strong></span> <span class='ocrx_word' id='word_1_47' title='bbox 1093 1729 1196 1796; x_wconf 87' lang='lat' dir='ltr'><strong>Krala</strong></span> <span class='ocrx_word' id='word_1_48' title='bbox 1221 1749 1291 1795; x_wconf 88' lang='lat' dir='ltr'><strong>oum</strong></span> <span class='ocrx_word' id='word_1_49' title='bbox 1322 1731 1394 1797; x_wconf 87' lang='lat' dir='ltr'><strong>suis</strong></span> <span class='ocrx_word' id='word_1_50' title='bbox 1425 1745 1496 1813; x_wconf 79' lang='lat' dir='ltr'><strong>par·</strong></span> <span class='ocrx_word' id='word_1_51' title='bbox 1574 1799 1576 1826; x_wconf 24' lang='grc' dir='ltr'><strong>ἶ</strong></span> 
     </span>
     <span class='ocr_line' id='line_1_8' title="bbox 364 1826 1577 1923; baseline -0.002 -21"><span class='ocrx_word' id='word_1_52' title='bbox 364 1835 517 1904; x_wconf 76' lang='lat' dir='ltr'><strong>tinentiis</strong></span> <span class='ocrx_word' id='word_1_53' title='bbox 550 1837 713 1923; x_wconf 88' lang='lat' dir='ltr'><strong>omnibns,</strong></span> <span class='ocrx_word' id='word_1_54' title='bbox 729 1836 816 1903; x_wconf 86' lang='lat' dir='ltr'><strong>siant</strong></span> <span class='ocrx_word' id='word_1_55' title='bbox 834 1857 905 1904; x_wconf 87' lang='lat' dir='ltr'><strong>eam</strong></span> <span class='ocrx_word' id='word_1_56' title='bbox 921 1835 1104 1904; x_wconf 86' lang='lat' dir='ltr'><strong>Pribislaus</strong></span> <span class='ocrx_word' id='word_1_57' title='bbox 1120 1839 1233 1904; x_wconf 78' lang='lat' dir='ltr'><strong>Comes</strong></span> <span class='ocrx_word' id='word_1_58' title='bbox 1250 1838 1353 1904; x_wconf 81' lang='lat' dir='ltr'><strong>tenuit</strong></span> <span class='ocrx_word' id='word_1_59' title='bbox 1372 1839 1408 1903; x_wconf 94' lang='lat' dir='ltr'><strong>in</strong></span> <span class='ocrx_word' id='word_1_60' title='bbox 1425 1837 1494 1902; x_wconf 86' lang='lat' dir='ltr'><strong>vita</strong></span> <span class='ocrx_word' id='word_1_61' title='bbox 1576 1826 1577 1856; x_wconf 63' lang='lat'>³</span> 
     </span>
     <span class='ocr_line' id='line_1_9' title="bbox 364 1943 1493 2031; baseline 0 -22"><span class='ocrx_word' id='word_1_62' title='bbox 364 1963 425 2010; x_wconf 84' lang='lat' dir='ltr'><strong>sna</strong></span> <span class='ocrx_word' id='word_1_63' title='bbox 456 1951 490 2010; x_wconf 81' lang='lat' dir='ltr'><strong>ot</strong></span> <span class='ocrx_word' id='word_1_64' title='bbox 503 1945 659 2031; x_wconf 77' lang='lat' dir='ltr'>possedit,</span> <span class='ocrx_word' id='word_1_65' title='bbox 676 1945 805 2013; x_wconf 91' lang='lat' dir='ltr'><strong>domino</strong></span> <span class='ocrx_word' id='word_1_66' title='bbox 821 1945 942 2012; x_wconf 80' lang='lat' dir='ltr'><strong>Abbati</strong></span> <span class='ocrx_word' id='word_1_67' title='bbox 964 1945 1005 2011; x_wconf 87' lang='lat' dir='ltr'><strong>de</strong></span> <span class='ocrx_word' id='word_1_68' title='bbox 1020 1944 1158 2030; x_wconf 76' lang='lat' dir='ltr'><strong>&#39;l&#39;opiioa</strong></span> <span class='ocrx_word' id='word_1_69' title='bbox 1173 1965 1231 2029; x_wconf 87' lang='lat' dir='ltr'><strong>per</strong></span> <span class='ocrx_word' id='word_1_70' title='bbox 1246 1945 1384 2013; x_wconf 79' lang='lat' dir='ltr'><strong>tratrem</strong></span> <span class='ocrx_word' id='word_1_71' title='bbox 1400 1943 1493 2010; x_wconf 81' lang='lat' dir='ltr'><strong>Dosi-</strong></span> 
     </span>
     <span class='ocr_line' id='line_1_10' title="bbox 365 2043 1579 2138; baseline -0.001 -22"><span class='ocrx_word' id='word_1_72' title='bbox 365 2050 490 2118; x_wconf 83' lang='lat' dir='ltr'><strong>darium</strong></span> <span class='ocrx_word' id='word_1_73' title='bbox 522 2052 714 2118; x_wconf 83' lang='lat' dir='ltr'><strong>monaahum</strong></span> <span class='ocrx_word' id='word_1_74' title='bbox 747 2071 851 2138; x_wconf 88' lang='lat' dir='ltr'><strong>sunm,</strong></span> <span class='ocrx_word' id='word_1_75' title='bbox 884 2051 939 2134; x_wconf 88' lang='lat' dir='ltr'><strong>qni</strong></span> <span class='ocrx_word' id='word_1_76' title='bbox 956 2072 1029 2118; x_wconf 85' lang='lat' dir='ltr'><strong>oum</strong></span> <span class='ocrx_word' id='word_1_77' title='bbox 1047 2052 1162 2118; x_wconf 86' lang='lat' dir='ltr'><strong>litteris</strong></span> <span class='ocrx_word' id='word_1_78' title='bbox 1179 2060 1211 2118; x_wconf 85' lang='lat' dir='ltr'><strong>at</strong></span> <span class='ocrx_word' id='word_1_79' title='bbox 1227 2059 1382 2138; x_wconf 80' lang='lat' dir='ltr'><strong>praeopto</strong></span> <span class='ocrx_word' id='word_1_80' title='bbox 1401 2050 1493 2118; x_wconf 83' lang='lat' dir='ltr'><strong>venit</strong></span> <span class='ocrx_word' id='word_1_81' title='bbox 1578 2043 1579 2048; x_wconf 66' lang='grc'>’</span> 
     </span>
     <span class='ocr_line' id='line_1_11' title="bbox 365 2156 1493 2246; baseline -0.003 -22"><span class='ocrx_word' id='word_1_82' title='bbox 365 2158 408 2224; x_wconf 88' lang='lat' dir='ltr'><strong>ad</strong></span> <span class='ocrx_word' id='word_1_83' title='bbox 423 2179 482 2226; x_wconf 91' lang='lat' dir='ltr'><strong>nos</strong></span> <span class='ocrx_word' id='word_1_84' title='bbox 498 2179 538 2226; x_wconf 84' lang='lat' dir='ltr'><strong>ox</strong></span> <span class='ocrx_word' id='word_1_85' title='bbox 554 2167 648 2246; x_wconf 85' lang='lat' dir='ltr'><strong>parto</strong></span> <span class='ocrx_word' id='word_1_86' title='bbox 680 2158 804 2226; x_wconf 91' lang='lat' dir='ltr'><strong>domini</strong></span> <span class='ocrx_word' id='word_1_87' title='bbox 835 2159 946 2245; x_wconf 82' lang='lat' dir='ltr'><strong>Regis,</strong></span> <span class='ocrx_word' id='word_1_88' title='bbox 979 2157 1222 2242; x_wconf 66' lang='lat' dir='ltr'><strong>assignavimus</strong></span> <span class='ocrx_word' id='word_1_89' title='bbox 1252 2161 1286 2223; x_wconf 93' lang='lat' dir='ltr'><strong>in</strong></span> <span class='ocrx_word' id='word_1_90' title='bbox 1320 2156 1493 2244; x_wconf 77' lang='lat' dir='ltr'><strong>presentia</strong></span> 
     </span>
     <span class='ocr_line' id='line_1_12' title="bbox 367 2265 1489 2351; baseline -0.003 -19"><span class='ocrx_word' id='word_1_91' title='bbox 367 2265 489 2332; x_wconf 92' lang='lat' dir='ltr'><strong>domini</strong></span> <span class='ocrx_word' id='word_1_92' title='bbox 520 2265 653 2351; x_wconf 77' lang='lat' dir='ltr'><strong>Episopi</strong></span> <span class='ocrx_word' id='word_1_93' title='bbox 685 2265 833 2334; x_wconf 88' lang='lat' dir='ltr'><strong>Ladislai</strong></span> <span class='ocrx_word' id='word_1_94' title='bbox 865 2285 903 2332; x_wconf 84' lang='lat' dir='ltr'><strong>oo</strong></span> <span class='ocrx_word' id='word_1_95' title='bbox 928 2265 997 2332; x_wconf 80' lang='lat' dir='ltr'><strong>inre</strong></span> <span class='ocrx_word' id='word_1_96' title='bbox 1013 2271 1045 2330; x_wconf 84' lang='lat' dir='ltr'><strong>et</strong></span> <span class='ocrx_word' id='word_1_97' title='bbox 1061 2286 1100 2332; x_wconf 84' lang='lat' dir='ltr'><strong>aa</strong></span> <span class='ocrx_word' id='word_1_98' title='bbox 1114 2266 1274 2348; x_wconf 80' lang='lat' dir='ltr'><strong>libertate,</strong></span> <span class='ocrx_word' id='word_1_99' title='bbox 1300 2286 1367 2349; x_wconf 88' lang='lat' dir='ltr'><strong>qna</strong></span> <span class='ocrx_word' id='word_1_100' title='bbox 1385 2266 1489 2330; x_wconf 80' lang='lat' dir='ltr'><strong>dictus</strong></span> 
     </span>
     <span class='ocr_line' id='line_1_13' title="bbox 366 2371 1489 2461; baseline 0.001 -25"><span class='ocrx_word' id='word_1_101' title='bbox 366 2371 546 2440; x_wconf 87' lang='lat' dir='ltr'><strong>Pribislaus</strong></span> <span class='ocrx_word' id='word_1_102' title='bbox 579 2393 648 2438; x_wconf 89' lang='lat' dir='ltr'><strong>eam</strong></span> <span class='ocrx_word' id='word_1_103' title='bbox 675 2375 788 2454; x_wconf 83' lang='lat' dir='ltr'><strong>tonuit,</strong></span> <span class='ocrx_word' id='word_1_104' title='bbox 806 2379 963 2460; x_wconf 78' lang='lat' dir='ltr'><strong>perpetuo</strong></span> <span class='ocrx_word' id='word_1_105' title='bbox 979 2373 1221 2461; x_wconf 77' lang='lat' dir='ltr'><strong>possidendam,</strong></span> <span class='ocrx_word' id='word_1_106' title='bbox 1239 2381 1270 2440; x_wconf 86' lang='lat' dir='ltr'><strong>et</strong></span> <span class='ocrx_word' id='word_1_107' title='bbox 1285 2373 1413 2439; x_wconf 87' lang='lat' dir='ltr'><strong>ibidem</strong></span> <span class='ocrx_word' id='word_1_108' title='bbox 1430 2392 1489 2458; x_wconf 92' lang='lat' dir='ltr'><strong>pro</strong></span> 
     </span>
     <span class='ocr_line' id='line_1_14' title="bbox 367 2480 1490 2565; baseline -0.002 -19"><span class='ocrx_word' id='word_1_109' title='bbox 367 2480 534 2546; x_wconf 84' lang='lat' dir='ltr'><strong>voluntate</strong></span> <span class='ocrx_word' id='word_1_110' title='bbox 550 2502 611 2548; x_wconf 87' lang='lat' dir='ltr'><strong>sua</strong></span> <span class='ocrx_word' id='word_1_111' title='bbox 626 2482 799 2565; x_wconf 81' lang='lat' dir='ltr'><strong>grangiam</strong></span> <span class='ocrx_word' id='word_1_112' title='bbox 815 2480 1038 2548; x_wconf 85' lang='lat' dir='ltr'><strong>editioandam.</strong></span> <span class='ocrx_word' id='word_1_113' title='bbox 1056 2483 1094 2547; x_wconf 93' lang='lat' dir='ltr'><strong>In</strong></span> <span class='ocrx_word' id='word_1_114' title='bbox 1111 2483 1201 2549; x_wconf 88' lang='lat' dir='ltr'><strong>ouius</strong></span> <span class='ocrx_word' id='word_1_115' title='bbox 1213 2482 1258 2548; x_wconf 80' lang='lat' dir='ltr'><strong>roi</strong></span> <span class='ocrx_word' id='word_1_116' title='bbox 1268 2481 1490 2548; x_wconf 87' lang='lat' dir='ltr'><strong>testimoninm</strong></span> 
     </span>
     <span class='ocr_line' id='line_1_15' title="bbox 367 2587 1491 2673; baseline -0.002 -20"><span class='ocrx_word' id='word_1_117' title='bbox 367 2593 547 2672; x_wconf 77' lang='lat' dir='ltr'><strong>presentem</strong></span> <span class='ocrx_word' id='word_1_118' title='bbox 579 2587 734 2673; x_wconf 84' lang='lat' dir='ltr'><strong>paginam</strong></span> <span class='ocrx_word' id='word_1_119' title='bbox 760 2587 862 2671; x_wconf 85' lang='lat' dir='ltr'><strong>sigilli</strong></span> <span class='ocrx_word' id='word_1_120' title='bbox 888 2590 991 2654; x_wconf 84' lang='lat' dir='ltr'><strong>nostri</strong></span> <span class='ocrx_word' id='word_1_121' title='bbox 1008 2588 1184 2655; x_wconf 84' lang='lat' dir='ltr'><strong>munimine</strong></span> <span class='ocrx_word' id='word_1_122' title='bbox 1199 2590 1389 2655; x_wconf 86' lang='lat' dir='ltr'><strong>roboratam</strong></span> <span class='ocrx_word' id='word_1_123' title='bbox 1406 2587 1491 2652; x_wconf 86' lang='lat' dir='ltr'><strong>dioto</strong></span> 
     </span>
    </p>
   </div>
   <div class='ocr_carea' id='block_1_4' title="bbox 366 2673 1492 2979">
    <p class='ocr_par' dir='ltr' id='par_1_4' title="bbox 366 2673 1492 2979">
     <span class='ocr_line' id='line_1_16' title="bbox 366 2673 1492 2780; baseline -0.002 -20"><span class='ocrx_word' id='word_1_124' title='bbox 366 2673 487 2761; x_wconf 82' lang='lat' dir='ltr'><strong>Abbati</strong></span> <span class='ocrx_word' id='word_1_125' title='bbox 502 2695 706 2764; x_wconf 82' lang='lat' dir='ltr'><strong>contulimus.</strong></span> <span class='ocrx_word' id='word_1_126' title='bbox 738 2697 857 2761; x_wconf 84' lang='lat' dir='ltr'><strong>Datum</strong></span> <span class='ocrx_word' id='word_1_127' title='bbox 890 2715 976 2762; x_wconf 87' lang='lat' dir='ltr'><strong>anno</strong></span> <span class='ocrx_word' id='word_1_128' title='bbox 1006 2695 1138 2763; x_wconf 89' lang='lat' dir='ltr'><strong>Domini</strong></span> <span class='ocrx_word' id='word_1_129' title='bbox 1169 2696 1263 2762; x_wconf 81' lang='lat' dir='ltr'>MCC.</span> <span class='ocrx_word' id='word_1_130' title='bbox 1287 2696 1492 2780; x_wconf 82' lang='lat' dir='ltr'><strong>sexagesimo</strong></span> 
     </span>
     <span class='ocr_line' id='line_1_17' title="bbox 366 2802 1489 2889; baseline 0.003 -23"><span class='ocrx_word' id='word_1_131' title='bbox 366 2808 493 2889; x_wconf 86' lang='lat' dir='ltr'><strong>quarto,</strong></span> <span class='ocrx_word' id='word_1_132' title='bbox 510 2802 583 2869; x_wconf 91' lang='lat' dir='ltr'><strong>idus</strong></span> <span class='ocrx_word' id='word_1_133' title='bbox 599 2804 713 2870; x_wconf 80' lang='lat' dir='ltr'><strong>Marcii</strong></span> <span class='ocrx_word' id='word_1_134' title='bbox 729 2803 765 2869; x_wconf 92' lang='lat' dir='ltr'><strong>in</strong></span> <span class='ocrx_word' id='word_1_135' title='bbox 780 2803 901 2870; x_wconf 86' lang='lat' dir='ltr'><strong>Insula.</strong></span> <span class='ocrx_word' id='word_1_136' title='bbox 924 2803 1107 2872; x_wconf 87' lang='lat' dir='ltr'><strong>Pristaidus</strong></span> <span class='ocrx_word' id='word_1_137' title='bbox 1123 2809 1231 2870; x_wconf 81' lang='lat' dir='ltr'><strong>noster</strong></span> <span class='ocrx_word' id='word_1_138' title='bbox 1257 2803 1403 2870; x_wconf 85' lang='lat' dir='ltr'><strong>Jaoobus</strong></span> <span class='ocrx_word' id='word_1_139' title='bbox 1434 2803 1489 2869; x_wconf 82' lang='lat' dir='ltr'><strong>Oo-</strong></span> 
     </span>
     <span class='ocr_line' id='line_1_18' title="bbox 368 2909 933 2979; baseline 0.004 -3"><span class='ocrx_word' id='word_1_140' title='bbox 368 2931 436 2978; x_wconf 81' lang='lat' dir='ltr'><strong>mas</strong></span> <span class='ocrx_word' id='word_1_141' title='bbox 452 2916 563 2978; x_wconf 83' lang='lat' dir='ltr'><strong>noster</strong></span> <span class='ocrx_word' id='word_1_142' title='bbox 578 2911 718 2979; x_wconf 78' lang='lat' dir='ltr'><strong>coriatis</strong></span> <span class='ocrx_word' id='word_1_143' title='bbox 735 2910 774 2976; x_wconf 83' lang='lat' dir='ltr'><strong>da</strong></span> <span class='ocrx_word' id='word_1_144' title='bbox 791 2909 933 2978; x_wconf 85' lang='lat' dir='ltr'><strong>Biobioh.</strong></span> 
     </span>
    </p>
   </div>
   <div class='ocr_carea' id='block_1_5' title="bbox 452 3109 1422 3176">
    <p class='ocr_par' dir='ltr' id='par_1_5' title="bbox 452 3109 1422 3176">
     <span class='ocr_line' id='line_1_19' title="bbox 452 3109 1422 3176; baseline -0.004 -17"><span class='ocrx_word' id='word_1_145' title='bbox 452 3109 617 3172; x_wconf 73' lang='lat' dir='ltr'><strong>(Thalosios,</strong></span> <span class='ocrx_word' id='word_1_146' title='bbox 635 3109 758 3161; x_wconf 81' lang='lat' dir='ltr'><strong>Monuni.</strong></span> <span class='ocrx_word' id='word_1_147' title='bbox 776 3109 842 3160; x_wconf 81' lang='lat' dir='ltr'><strong>nist.</strong></span> <span class='ocrx_word' id='word_1_148' title='bbox 863 3111 956 3176; x_wconf 78' lang='lat' dir='ltr'><strong>Episo.</strong></span> <span class='ocrx_word' id='word_1_149' title='bbox 974 3109 1170 3174; x_wconf 63' lang='lat' dir='ltr'><strong>flagrabisnsis</strong></span> <span class='ocrx_word' id='word_1_150' title='bbox 1187 3109 1211 3158; x_wconf 95' lang='grc' dir='ltr'><strong>Ι.</strong></span> <span class='ocrx_word' id='word_1_151' title='bbox 1230 3109 1290 3160; x_wconf 83' lang='lat' dir='ltr'><strong>lrdt.</strong></span> <span class='ocrx_word' id='word_1_152' title='bbox 1312 3111 1372 3157; x_wconf 81' lang='lat'>128.</span> <span class='ocrx_word' id='word_1_153' title='bbox 1391 3109 1422 3171; x_wconf 87' lang='lat' dir='ltr'><strong>l.)</strong></span> 
     </span>
    </p>
   </div>
   <div class='ocr_carea' id='block_1_6' title="bbox 0 0 1613 5184">
    <p class='ocr_par' dir='ltr' id='par_1_6' title="bbox 0 0 1613 5184">
     <span class='ocr_line' id='line_1_20' title="bbox 0 0 1613 5184; baseline 0 0"><span class='ocrx_word' id='word_1_154' title='bbox 0 0 1613 5184; x_wconf 95' lang='lat' dir='ltr'><strong> </strong></span> 
     </span>
    </p>
   </div>
  </div>
 </body>
</html>
