3206 5184
650 355 811 464 *ee-

160 561 249 624 recte
280 554 404 624 transit
419 560 560 624 montem
577 563 609 624 et
624 556 794 626 descendit
810 556 852 624 ad
868 561 967 644 eaput
982 556 1054 644 rivi,
1072 557 1128 644 qui
1144 559 1290 628 Marsus·

162 665 228 732 den
241 669 388 753 vocatur,
406 665 463 733 ubi
479 665 579 734 habet
598 665 678 736 duas
710 674 813 736 metas
845 673 978 752 terreas,
1011 675 1042 735 et
1074 687 1132 754 per
1163 666 1292 736 eunden

162 771 305 840 rivulum
322 773 512 842 Marcusden
529 771 696 842 descendit
711 776 744 842 in
761 776 875 863 rivum,
893 775 948 860 qui
965 775 1108 844 Jorswel
1123 795 1289 861 nuncupa·

161 889 225 968 tur,
242 889 276 950 et
305 881 352 950 ibi
383 884 593 951 commetecio
624 883 720 951 tinem
753 882 872 967 babet3
897 890 1086 951 remanente
1116 881 1291 952 seeundum

162 1009 354 1077 processum
385 989 586 1058 antedictum
624 1001 712 1058 terra
751 990 869 1058 Marini
901 1011 922 1058 a
954 990 1092 1059 dextera
1122 997 1227 1078 parte,
1259 998 1293 1058 et

162 1104 250 1168 terra
265 1097 415 1166 &alesia
432 1121 454 1167 s
469 1097 620 1168 sinistris.
636 1101 676 1168 In
694 1099 783 1168 cuius
799 1100 848 1168 rei
872 1099 1092 1168 testimoninm
1123 1105 1291 1186 presentes

162 1205 208 1302 ad
238 1204 430 1276 instanciam
462 1209 610 1296 parcium
641 1208 836 1278 contulimus
866 1208 966 1295 sigilli
983 1209 1085 1277 nostri
1109 1211 1286 1278 munimine

162 1314 341 1382 roboratas.
373 1313 495 1384 Datum
525 1315 607 1385 tesia
636 1321 755 1402 quarta
786 1324 864 1384 ante
893 1318 1101 1405 Rogacioncs
1133 1335 1220 1386 anno
1246 1316 1289 1384 ab

164 1421 401 1491 Incurnacione
416 1423 547 1492 Domini
563 1423 653 1494 Moe
669 1426 923 1512 septuagesimo.

282 1621 587 1692 (sustenementum.
606 1627 672 1680 mss.
691 1627 784 1694 spec.
804 1626 924 1695 zagrau
942 1626 965 1680 1.
984 1627 1044 1680 uec.
1066 1631 1124 1679 1⁵0.
1144 1605 1175 1686 ιζ)

593 1911 860 1929 Q

694 2453 771 2525 451.

167 2653 228 2724 IV.
244 2653 332 2721 Beda
357 2653 535 2742 dirdlycak
555 2676 727 2741 percaeca
752 2655 795 2721 Η.
827 2658 955 2743 kirelyi
976 2657 1234 2744 fdloadecmeetcs
1263 2660 1295 2726 de

164 2766 288 2832 meconi
295 2764 508 2851 fdispdabcz,
530 2765 611 2851 dcqy
626 2762 758 2831 dcccci
773 2765 974 2831 Lordcdauk
990 2765 1166 2834 Mosonnaic
1181 2766 1295 2853 birdja

328 2871 406 2937 elica
422 2870 711 2958 joqczolqdltatdct
725 2869 923 2958 esckczaljcn.
948 2849 999 2936 liv
1013 2873 1132 2938 edua.

275 3068 312 3134 B.
329 3067 391 3134 Dei
408 3067 523 3152 gracia
537 3067 608 3135 Rex
624 3065 793 3153 Hungarie
809 3067 928 3135 dilecto
944 3074 975 3136 ct
990 3067 1078 3136 fideli
1094 3089 1152 3138 sno
1168 3068 1208 3135 H.
1226 3068 1291 3138 Ma·

168 3173 271 3260 gistrc
288 3175 477 3260 Agesanum
493 3195 624 3245 suornm
640 3175 754 3244 Comiti
772 3176 972 3245 Musunienei
989 3175 1126 3245 salutem
1159 3181 1192 3244 et
1221 3195 1297 3262 gra·

168 3281 253 3350 ciam
269 3283 412 3368 plenam.
435 3283 605 3353 Lorandus
637 3282 725 3373 (igy)
756 3286 798 3352 de
829 3284 946 3354 Gunod
976 3285 1070 3354 nobis
1101 3285 1298 3370 significauit

168 3392 404 3482 conquerendo,
434 3394 520 3478 quod
536 3393 629 3462 Guza
644 3393 782 3461 Villicus
798 3394 1018 3464 Musuniensis
1034 3395 1068 3461 in
1085 3394 1195 3461 multis
1208 3392 1297 3478 judi·

168 3497 230 3584 eijs
245 3501 413 3570 conuictus
432 3509 518 3572 esset
543 3507 657 3571 contra
689 3502 808 3590 ipsum,
842 3509 874 3570 et
904 3504 1027 3571 nullam
1057 3501 1224 3588 justiciam
1254 3501 1296 3568 ab

169 3607 283 3674 eedem
300 3609 454 3693 consequi
471 3609 642 3697 potuisset.
666 3609 760 3679 Vnde
776 3610 928 3681 fidelitati
945 3619 1001 3680 tue
1016 3610 1209 3680 mandamns
1226 3628 1298 3696 pre·

168 3711 334 3802 cipientes
366 3725 529 3803 qnatenus
546 3719 700 3807 inspectis
719 3720 838 3789 litteris
859 3720 1067 3808 judicatibus,
1101 3741 1181 3806 ques
1211 3719 1296 3787 idem

21 3889 33 3920 x
167 3821 335 3890 Rolundus
351 3821 439 3913 (tgy)
457 3826 623 3894 exhibebit
638 3832 750 3895 contre
766 3827 870 3914 ipsum
881 3827 1041 3916 Viliicum,
1054 3827 1094 3896 de
1104 3827 1218 3895 eodem
1234 3826 1298 3894 Vit-

170 3928 245 4017 lice,
263 3936 296 3997 et
310 3950 432 4016 genero
448 3953 508 4004 suo
524 3934 703 4023 Herbordc,
721 3935 806 4003 dicto
832 3936 980 4004 Roiandc
997 3934 1101 4003 sacius
1127 3932 1298 4022 justiciam

168 4037 356 4124 pleniorem.
381 4040 502 4111 Datum
518 4044 552 4110 in
569 4043 706 4112 Jaurino
722 4045 824 4112 tercio
841 4050 1030 4112 octeuaram
1048 4042 1199 4111 Omnium
1215 4041 1297 4110 Sen-

171 4152 304 4217 ctorem.

270 4255 395 4380 ⁸Kiad
410 4260 444 4326 l:
471 4259 511 4327 H.
529 4259 686 4345 Magistro
702 4261 891 4344 Agascnum
908 4281 1036 4331 suoram
1054 4258 1171 4330 (domiti
1195 4259 1302 4329 Musu-

172 4382 290 4430 mensu.

171 4490 316 4554 (Eu-edetis
335 4495 519 4563 bbrhartydm
551 4497 730 4564 aztrpecset
750 4499 904 4567 elvennett5
936 4499 1057 4552 shadai
1088 4499 1140 4550 kin.
1172 4496 1300 4548 kamaraci

640 4589 840 4653 leveltsrban.)

634 4752 842 4764 ι-μ--οο-ι-ι-ιη
