3116 5178
20 601 21 604 Ἴ
74 521 240 592 secundum
274 522 470 585 uoluntatem
504 516 626 583 domini
657 515 757 582 Ducis
785 513 1006 579 venetiarum.
1040 516 1119 582 ltcm
1142 518 1196 583 ab·

75 634 216 698 inrabunt
230 627 395 694 Jadretini
411 624 499 692 omni
515 624 675 691 fidelitate
692 632 724 688 et
738 624 932 704 iuramento,
950 622 1035 705 quod
1053 625 1106 690 rel
1136 644 1199 708 que

74 738 217 804 fecissent
247 743 363 802 contra
393 733 548 800 honorem
581 731 703 801 domiui
721 730 820 796 Ducis
837 736 869 796 et
888 727 1074 797 Communis
1090 730 1192 797 Vene-

19 857 24 876 ’·
76 846 195 911 tiorum.
210 841 351 908 Obsides
367 854 474 908 autem
492 839 616 906 dabunt
633 838 794 906 Jadretioi
820 837 1041 921 quadraginta
1066 836 1201 903 domino

19 1021 21 1040 ,
76 951 199 1018 Ducict
229 949 400 1016 Communi
433 946 651 1028 Venetiarnm‚
685 965 765 1030 qnos
791 945 940 1011 dominns
958 946 1120 1012 ancum
1138 965 1200 1012 suo

76 1059 211 1126 Consilio
228 1058 350 1140 eligere
366 1057 508 1122 voluerit
535 1065 567 1120 et
598 1058 768 1122 nominare
800 1053 842 1118 de
874 1051 1061 1140 Jadretinis,
1095 1075 1198 1122 mora·
1309 1034 1312 1044 Δ

75 1177 156 1232 turos
186 1183 318 1249 semper
348 1163 381 1228 in
412 1161 561 1229 Venetiis
586 1161 718 1229 obsides
734 1160 956 1246 quadraginta
974 1164 1123 1228 omnibns
1140 1183 1195 1229 ex-

19 1281 21 1356 3
77 1273 178 1360 pensis
193 1272 439 1339 Jadretiuorunr
458 1295 466 1356 3
484 1279 516 1336 et
532 1270 562 1337 si
578 1290 687 1337 eorum
705 1268 824 1351 aliquis
851 1273 1038 1344 moreretur,
1073 1267 1197 1336 dabunt

75 1381 166 1446 alium
182 1379 216 1445 in
231 1380 307 1446 loco
324 1381 393 1446 eins
425 1380 459 1445 in
491 1377 649 1445 electione
680 1375 800 1443 domiui
827 1375 927 1443 Ducis
944 1382 976 1442 et
992 1376 1042 1442 sui
1058 1373 1196 1443 Consilii

19 1475 22 1562 ἶ
76 1486 259 1554 cambiendo
292 1484 397 1554 dictos
422 1485 561 1554 obsedes
579 1484 622 1550 ad
639 1505 759 1550 aunum
775 1484 828 1552 vel
843 1482 930 1550 inira
947 1483 1121 1552 seeundum
1140 1506 1199 1552 vo·
1379 1565 1380 1568 Ἴ

79 1595 227 1661 luntatem
258 1603 292 1660 et
323 1593 565 1680 beneplacitum
597 1591 716 1659 domini
749 1592 848 1658 Ducis
883 1593 1018 1674 eiusque
1051 1591 1198 1659 Consilii..
1309 1657 1310 1660 ,
1446 1607 1458 1616 ‘

19 1787 21 1800 .
80 1701 203 1769 Dabunt
233 1703 369 1786 insuper
399 1701 563 1768 Jadretiui
593 1699 682 1766 omni
712 1719 798 1766 auno
814 1699 848 1764 in
864 1698 1010 1765 Venetiis
1027 1696 1198 1769 Communi
1531 1689 1538 1698 “

19 1813 22 1912 t
81 1809 278 1876 venetiarum
306 1809 475 1895 iperperos
492 1814 619 1875 eentum
636 1806 874 1891 quinquaginta
890 1807 923 1872 iu
940 1805 1093 1872 kalendis
1108 1807 1191 1873 Mar·-

19 1913 24 1998 l
79 1915 111 1981 tii
138 1913 170 1981 in
200 1921 406 2003 perpetuum,
418 1925 478 1982 aut
492 1915 557 1982 tria
573 1915 725 1981 milliaria
740 1914 900 1983 bonarum
918 1914 1139 1980 cuniculorum
1156 1915 1194 1983 in

19 2021 23 2116 l
77 2023 310 2092 ladretiuornm
339 2023 483 2088 arbitrio.
515 2024 668 2090 Preterea
683 2019 857 2110 Jadretiui,
873 2029 1051 2104 antequam
1074 2023 1193 2091 intrent

19 2117 22 2232 l
76 2134 106 2196 in
135 2131 307 2198 Civitatem
339 2129 450 2215 dadre,
485 2150 593 2197 muros
618 2139 650 2197 et
674 2128 786 2197 domos
804 2128 954 2196 Civitatis
970 2127 1147 2217 destruent,
1164 2137 1197 2197 et
1527 2215 1539 2226 μ

19 2237 21 2246 ’
76 2237 191 2323 lapides
222 2239 404 2324 portabunt
419 2237 488 2305 suis
513 2237 665 2321 expensis
682 2236 831 2304 omnibus
848 2241 880 2302 et
894 2235 1008 2302 labore
1025 2235 1068 2302 nd
1085 2237 1200 2306 volun·
1278 2239 1308 2256 “’
1450 2239 1453 2248 ’
1518 2303 1522 2310 ,

76 2351 166 2412 amm
203 2345 330 2413 domini
368 2344 469 2412 Ducis
508 2329 622 2428 suique
670 2343 826 2429 Consilii,
866 2363 924 2410 uec
963 2344 1052 2430 ipsos
1090 2365 1200 2413 muros
1409 2327 1419 2336 ⁵

76 2451 122 2518 uel
171 2452 261 2538 ipsas
302 2452 416 2519 domos
457 2449 710 2518 rehedilieabunt
758 2450 830 2518 sine
878 2449 1012 2542 lieentia
1059 2453 1204 2539 speciali

78 2557 190 2626 domini
221 2560 326 2628 Ducis
356 2560 472 2643 suique
499 2559 647 2626 Consilii.
662 2559 742 2625 Item
759 2559 787 2623 si
802 2559 939 2624 voluerit
956 2558 1105 2628 dominus
1122 2561 1201 2628 Dux

81 2673 108 2732 et
122 2663 298 2734 Commune
314 2667 534 2746 Venetiam,
556 2664 686 2750 sacient,
719 2665 886 2731 habebunt
903 2669 935 2730 ct
959 2668 1117 2734 tenebunt
1146 2688 1203 2736 ca-

79 2771 195 2838 stellum
211 2773 265 2839 rel
296 2773 442 2856 castella,
472 2771 685 2842 munitionem
702 2771 755 2839 vel
771 2771 969 2840 munitiones
986 2772 1019 2838 in
1035 2773 1138 2842 ‚ladra
1153 2775 1198 2844 ad

19 2901 22 2976 l
80 2880 269 2948 voluntatem
287 2900 379 2946 suam
397 2879 514 2946 eteius
531 2879 678 2946 Consilii.
695 2879 746 2946 De
761 2879 863 2946 soldis
880 2899 958 2944 vero
974 2881 1198 2950 custodiarum

19 2993 24 3086 ,t
80 2986 148 3054 dieti
163 2989 265 3056 castri
283 2987 336 3054 vel
352 2994 534 3055 castrorum
549 2988 757 3055 seneliacum
768 2986 990 3070 munitionum,
1002 3007 1062 3074 pro
1079 2988 1197 3074 quibus

19 3087 22 3108 '
82 3095 278 3162 condamina
293 3093 496 3161 nosteanx
510 3094 640 3179 petistis
672 3095 773 3162 libras
790 3094 854 3160 duo
871 3093 975 3159 millia
991 3093 1199 3164 denariorum

82 3197 268 3271 Venetorum
301 3199 470 3268 solvendis
501 3207 534 3268 et
565 3200 684 3268 dandis
699 3222 721 3268 a
735 3199 914 3267 dadretinis
938 3201 1025 3268 omni
1040 3222 1137 3292 anno,
1152 3207 1206 3272 sic·

81 3326 133 3373 nos
161 3309 284 3396 prefati
314 3309 421 3376 nuntii
453 3308 697 3376 Jadretino'rum
728 3309 918 3395 asserimus,
944 3311 1031 3392 quod
1048 3331 1121 3378 com
1137 3313 1199 3380 hoc

80 3413 224 3482 Jadretini
258 3417 371 3483 facere
403 3437 466 3483 uon
498 3414 626 3501 possint
657 3422 801 3501 tempore
834 3417 866 3480 in
900 3419 1045 3503 presenti
1063 3431 1199 3507 propter

80 3539 177 3589 eornm
208 3523 344 3591 nimiam
384 3531 608 3609 paupertatem
640 3533 673 3589 et
711 3523 958 3611 desolationem,
999 3528 1197 3611 procedente

80 3636 223 3719 tempore,
249 3630 280 3698 si
296 3628 461 3699 ridebitur
477 3631 607 3699 domino
628 3631 756 3718 Comici,
772 3630 830 3713 qni
848 3652 906 3717 pro
925 3642 1070 3720 tempore
1087 3638 1148 3705 erit
1163 3639 1198 3705 iu

81 3733 182 3824 ladra,
207 3739 297 3822 qnod
317 3739 566 3823 possibilitatem
582 3739 729 3807 habeant
743 3739 907 3807 dadretini
924 3741 1072 3809 solvendi
1088 3746 1202 3814 soldos

84 3841 229 3913 dictarum
257 3844 490 3930 custodiarum,
522 3847 583 3914 hoc
614 3847 736 3914 facient
766 3844 810 3912 ad
840 3849 1041 3916 voluntatem
1066 3853 1203 3922 Comitis

82 3953 239 4020 memorati
272 3972 376 4036 usque
407 3953 450 4020 ad
481 3973 641 4020 summam
671 3954 828 4022 librarum
859 3956 950 4022 mille
980 3959 1068 4025 omni
1101 3982 1198 4029 anno.

81 4054 279 4128 laborabunt
311 4069 451 4128 stoream
483 4061 646 4128 Jadretini
663 4063 710 4128 ita
735 4069 855 4149 tumen,
874 4068 901 4130 si
918 4064 1032 4146 aliquo
1049 4070 1196 4154 tempore

84 4161 234 4233 videretur
251 4166 381 4233 domino
398 4165 518 4234 Comiti
532 4167 598 4234 iam
617 4169 713 4254 dieto,
735 4169 820 4254 quod
837 4169 907 4234 sine
936 4170 1081 4255 periculo
1111 4177 1197 4242 terre

83 4267 172 4338 Jadre
202 4274 349 4342 laborari
380 4294 445 4342 non
478 4284 602 4364 posset,
644 4280 819 4345 cessabunt
848 4276 1014 4344 Jadretini
1044 4277 1196 4351 laborare

84 4381 209 4476 starem
227 4400 286 4448 seu
301 4382 335 4449 in
352 4389 489 4451 stoream
517 4381 560 4451 ad
592 4387 791 4452 voluntatem
824 4384 947 4452 domini
976 4383 1080 4451 Dneis
1097 4387 1199 4456 Vene-

86 4481 193 4554 tiarum
206 4487 340 4574 eiusque
366 4489 511 4558 Consilii.
543 4493 613 4559 Erit
630 4500 736 4560 autem
762 4503 872 4580 portus
889 4492 968 4560 salis
984 4493 1018 4559 in
1035 4492 1137 4562 Jadra
1156 4498 1199 4564 ad

84 4591 272 4663 voluntatem
302 4596 425 4666 domini
456 4599 557 4666 Dueis
585 4609 617 4668 et
634 4599 868 4687 eius.Consilii‚
885 4608 915 4668 et
933 4607 1200 4689 quotiescumque

182 4730 282 4770 soson.
297 4733 380 4771 nune.
398 4733 469 4775 uror.
487 4746 527 4764 --
546 4735 618 4776 nrrn.
632 4737 676 4774 xx.
1050 4715 1091 4779 23
