3184 5186
610 433 770 534 „scs

126 632 156 700 si
170 621 292 700 eisdem
310 629 433 698 solacia
450 629 556 700 desint
572 631 760 717 liberorum,
791 639 901 700 tamen
918 632 959 700 de
976 618 1165 720 propinquis
1181 635 1250 705 suis

125 757 167 806 ex
181 738 341 807 beneficio
356 738 533 825 principali
551 738 686 808 horodes
702 739 763 806 sibi
778 738 948 808 instituere
963 742 1091 827 possint
1106 748 1139 809 et
1166 747 1251 830 pari·

124 853 172 914 ter
197 865 411 915 successores
449 846 589 914 Proinde
620 847 664 914 ad
696 846 918 916 uniuersorum
950 849 1104 917 noticiam
1135 849 1250 918 harum

121 954 208 1022 serie
222 955 373 1022 uolumus
390 955 572 1040 peruenire,
605 955 692 1038 qnod
708 954 813 1023 fidelis
829 961 938 1022 noster
954 954 1069 1025 Comes
1084 957 1181 1026 Narra
1209 959 1251 1026 de

120 1061 340 1144 generacione
357 1062 463 1128 Katan
480 1063 523 1128 ad
555 1070 699 1130 nostram
730 1060 891 1130 accedens
922 1064 1124 1150 presenciam
1155 1066 1248 1132 nobis

119 1169 287 1236 humiliter
303 1170 513 1256 supplicarit,
532 1175 567 1238 ut
582 1191 654 1236 cum
670 1170 847 1239 liberorum
866 1173 988 1240 existat
1003 1157 1124 1240 solacio
1151 1171 1247 1242 desti·
1331 1237 1336 1252 ,

2 1354 3 1358 Ἰ
117 1283 217 1362 tutus,
249 1277 356 1344 eidem
372 1298 412 1344 ex
428 1279 553 1364 pictate
569 1279 673 1360 Regia
689 1278 776 1346 banc
792 1280 939 1364 graciam
954 1279 1064 1348 facere
1095 1280 1244 1382 dignare-

117 1406 197 1472 mur,
214 1385 302 1472 qnod
318 1384 359 1450 de
375 1387 525 1454 omnibus
542 1388 803 1471 possessionibus
834 1387 905 1454 suis
937 1395 1001 1454 tam
1037 1387 1245 1477 hereditorijs

116 1515 217 1578 quam
233 1494 395 1579 emptic'p's
413 1494 550 1561 liberam
568 1495 763 1582 disponendi
779 1495 914 1563 haberet
932 1494 1135 1564 facultatem.
1176 1500 1245 1566 Nos

114 1602 227 1689 igitur,
244 1603 299 1685 qui
315 1602 458 1670 subditis
475 1604 595 1670 nostris
620 1604 718 1670 solita
750 1606 946 1672 occurrimus
977 1604 1109 1696 pietate,
1140 1605 1245 1692 ipsius

115 1711 252 1778 Comitis
268 1711 362 1778 Naue
378 1710 561 1778 calamitati
578 1712 818 1796 compacientes
836 1713 870 1777 in
887 1713 948 1780 heo
980 1720 1082 1800 parte,
1114 1732 1244 1781 conoes-

1 1879 2 1882 ,
113 1818 228 1903 simus,
244 1823 280 1885 ut
296 1818 338 1884 de
353 1819 613 1904 possessionibus
631 1819 699 1886 suis
716 1826 782 1886 tam
797 1820 1017 1907 hereditarijs,
1051 1841 1147 1906 quum
1180 1841 1242 1888 em-

112 1927 227 2012 pticijs
244 1925 441 1992 Monosterio
466 1945 535 2009 suo,
567 1927 727 2010 cognatis,
758 1926 837 2010 filijs
866 1946 1013 1994 sororum
1044 1936 1243 2015 suammet

1 2065 2 2069 =
111 2036 207 2100 uxori
224 2052 281 2100 sue
297 2032 435 2100 liberum
452 2051 510 2118 per
529 2033 638 2100 omnia
654 2031 773 2098 habeat
789 2032 957 2101 arbitrium
974 2034 1117 2121 legendi,
1135 2034 1240 2122 dispo-

1 2164 2 2214 ,
110 2140 226 2226 nendi,
241 2161 298 2208 scu
315 2142 418 2207 eciam
433 2139 658 2225 relinquendi,
683 2138 853 2224 dequibus
871 2142 1044 2226 qnamdam
1061 2144 1241 2227 possessio·

1 2239 2 2312 3
110 2269 187 2318 nem
205 2248 327 2318 Samud
342 2248 555 2337 nominatam,
572 2248 762 2316 existentem
781 2251 866 2316 iuter
881 2249 1036 2319 Drowam
1053 2259 1086 2318 et
1117 2249 1237 2317 Vrman

1 2389 3 2405 ι
110 2359 144 2426 iu
162 2358 323 2426 Comitatu
340 2355 383 2424 de
396 2355 526 2423 Borona
542 2377 614 2422 cum
631 2357 784 2423 tredecim
803 2356 900 2442 villis,
918 2375 980 2442 que
996 2359 1055 2424 sub
1072 2378 1137 2425 una
1153 2363 1239 2426 mota

109 2464 333 2552 includuntur,
350 2463 480 2530 domine
496 2464 588 2531 uxori
605 2483 673 2550 sue,
691 2465 755 2531 iilic
771 2463 922 2530 videlieet
953 2465 1044 2551 Moys
1076 2465 1238 2550 quondam

108 2572 264 2659 Palatini,
280 2579 347 2639 tum
363 2579 497 2658 propter
513 2571 731 2639 sinceritatem
749 2573 869 2638 amoris
895 2570 1009 2658 mutui,
1040 2578 1107 2638 tum
1133 2574 1238 2641 eciam

1 2749 2 2768 ,
108 2702 169 2769 pro
189 2680 265 2748 dote
281 2689 314 2748 et
328 2683 424 2748 rebus
440 2699 548 2747 secum
566 2678 695 2765 delatis,
712 2678 801 2745 dedit
817 2685 848 2746 et
864 2682 999 2748 contulit
1014 2682 1149 2764 pacifice
1168 2703 1238 2768 per-

108 2796 210 2876 petuo
227 2787 471 2874 possidendam.
496 2788 565 2854 Hoo
581 2787 720 2875 adiecto,
737 2786 867 2872 quodsi
888 2785 995 2854 dictus
1011 2788 1126 2855 Comes
1142 2787 1238 2856 Nune

109 2897 263 2966 heredem
281 2896 333 2964 uel
349 2895 485 2964 heredes
512 2894 632 2964 bebere
658 2896 866 2979 contingeret,
896 2892 1044 2978 predicta
1075 2895 1237 2980 possessio

107 3004 152 3074 ad
168 3024 287 3072 manns
303 3005 407 3090 ipsius
424 3009 455 3070 et
471 3003 627 3070 heredum
643 3023 773 3070 suorum
791 3002 1001 3101 deuoluimur,
1025 3000 1053 3068 si
1069 3022 1146 3068 uero
1162 3005 1234 3070 sine

107 3112 229 3180 herede
245 3112 431 3199 decesserit,
463 3112 593 3179 domine
611 3112 703 3178 uxori
720 3132 778 3180 sue
794 3111 974 3178 remanebit
990 3115 1146 3196 perpetuo
1161 3131 1235 3197 pos-

107 3220 257 3289 sidentia.
280 3219 386 3298 Quam
412 3219 542 3305 quidem
573 3220 811 3306 possessionem
843 3238 903 3304 per
934 3214 1060 3283 fidelem
1092 3224 1235 3284 nostrum

106 3331 309 3413 Stephanum
327 3329 485 3397 Comitem
502 3328 542 3396 de
559 3326 751 3396 Chenadino
783 3324 978 3394 reumbuiari
1009 3325 1143 3405 fecimus
1175 3329 1235 3392 sub

106 3436 297 3506 testimonio
314 3435 459 3521 Capituli
478 3433 869 3520 Quinque-Ecclesiensis,
903 3441 934 3498 et
951 3434 1037 3502 siout
1053 3434 1087 3501 in
1119 3432 1235 3514 litteris

1 3563 2 3627 g
105 3546 215 3631 ipsius
231 3541 375 3629 Capituli
390 3543 531 3611 vidimus
548 3542 716 3628 contineri,
748 3561 845 3628 super
862 3540 976 3608 eadem
993 3541 1102 3609 nullus
1129 3540 1234 3608 extitit
1322 3601 1324 3604 .

1 3711 2 3724 ,
105 3651 335 3722 contradictor.
360 3653 402 3718 Et
418 3650 563 3718 eiusdem
579 3649 797 3734 possessionis
814 3659 897 3716 mete
913 3649 975 3716 hoc
991 3648 1103 3716 ordine
1119 3648 1233 3718 distin·

1 3789 2 3840 r
105 3766 228 3846 guntur
244 3786 251 3826 :
267 3757 378 3826 Prima
394 3765 482 3825 meta
498 3758 615 3842 incipit
632 3760 673 3823 ab
689 3758 813 3824 oriente
831 3756 872 3824 de
888 3756 1022 3823 flumine
1038 3756 1125 3840 qnod
1154 3759 1233 3825 dici-

1 3853 2 3938 ]
104 3877 159 3936 tur
174 3869 323 3954 Zopurca
339 3867 430 3936 iuxta
447 3874 565 3934 terram
582 3866 639 3952 filij
658 3866 752 3952 (iulo,
787 3875 818 3932 et
835 3864 891 3930 ubi
908 3864 1075 3948 egreditur
1106 3866 1147 3932 do
1177 3868 1234 3934 flu-

104 3977 201 4059 mine,
217 3975 265 4042 ibi
280 3983 358 4044 sunt
371 3976 504 4059 antique
521 3981 625 4059 mete;
651 3973 726 4039 iude
741 3973 834 4040 uadit
851 3972 894 4038 ad
909 3971 1083 4057 meridiem,
1099 3977 1130 4038 ot
1140 3972 1232 4038 iuxta

1 4149 2 4152 ,
105 4103 244 4170 paruum
262 4090 390 4168 pratum
406 4088 484 4150 sunt
499 4087 584 4148 metc
600 4079 753 4164 antique,
777 4078 852 4144 inde
868 4077 961 4145 uadit
977 4095 1080 4159 usque
1096 4076 1141 4143 ad
1166 4099 1233 4146 ma·

106 4210 206 4275 gnam
222 4189 309 4257 viam
327 4210 390 4274 que
407 4189 498 4256 ducit
513 4186 556 4255 ad
572 4186 653 4269 Lok,
689 4192 721 4253 et
739 4186 830 4252 iuxta
854 4204 1007 4267 magnum
1039 4183 1126 4251 viam
1157 4191 1234 4252 sunt

105 4298 243 4382 antique
259 4302 344 4364 mete
359 4317 462 4385 prope
478 4305 639 4382 stagnum,
675 4300 706 4363 et
722 4294 768 4360 ibi
784 4293 876 4360 iuxta
907 4298 1026 4359 metam
1059 4292 1159 4357 intrat
1189 4291 1233 4358 ad

104 4408 225 4474 uallem
242 4425 306 4490 que
322 4405 439 4472 dicitur
456 4403 599 4491 malaka,
618 4411 649 4472 et
666 4401 757 4470 uadit
773 4402 808 4468 in
824 4402 882 4469 illa
898 4420 985 4484 aqua
999 4418 1113 4467 vorsus
1129 4398 1230 4466 orien-

104 4522 181 4604 tem,
209 4521 242 4584 ct
258 4514 371 4584 ciro'nit
386 4515 430 4582 ad
444 4513 610 4582 meridiem
627 4514 669 4581 de
685 4521 773 4580 terra
789 4509 844 4596 filii
864 4509 955 4595 (iulo,
991 4513 1022 4575 et
1038 4503 1081 4573 ad
1112 4513 1232 4574 terram

104 4623 182 4709 swp
200 4622 352 4711 Comitis3
376 4627 409 4696 et
433 4623 509 4692 inde
541 4624 635 4692 iuxta
666 4641 818 4706 magnam
851 4620 971 4687 siluam
1003 4634 1063 4702 per
1094 4613 1230 4682 eandem

106 4751 227 4822 aqmm
242 4732 331 4804 uenit
347 4733 392 4806 ad
407 4733 561 4806 maiorem
578 4753 708 4822 aquam,
725 4753 786 4820 que
797 4730 913 4800 dicitur
929 4724 1097 4814 Drauoha,
1104 4723 1144 4874 ,tn
1161 4705 1232 4793 loco

1057 4835 1098 4906 28
