3228 5198
854 261 1009 360 *33—

351 455 509 540 roubitur,
527 474 586 522 vos
604 461 713 521 antem
730 452 855 520 lecistis
890 453 976 532 illam
1007 452 1197 538 speluncam
1230 455 1420 524 latronumc.
1456 455 1496 524 ur

369 564 502 631 iterum:
520 561 666 628 ›Varate
681 569 714 628 et
731 558 851 648 videte;
869 561 1021 644 quoniam
1039 579 1100 644 ego
1117 580 1187 628 sum
1201 561 1321 631 Dour«.
1340 561 1494 633 utillud:
1552 621 1553 624 ,

369 672 431 740 >In
447 669 588 741 eeclesia
603 670 665 738 Dei
683 677 739 736 ant
758 675 848 736 orate
864 677 921 736 unt
952 670 1096 758 psallite,
1128 672 1226 736 verba
1257 669 1363 738 otiosa
1393 671 1495 739 nolite

249 841 252 848 .
370 777 512 847 disere«.
536 776 632 846 Unde
648 776 827 843 notandum
843 784 893 844 est
917 775 1023 862 nobis,
1050 774 1168 844 fratres
1200 775 1368 865 carissimi,
1402 779 1495 847 atsi

366 887 467 954 uerba
482 887 587 954 otiosa
607 883 764 976 Dominus
782 883 815 950 in
832 885 972 953 eeclesia
989 905 1050 952 sua
1076 885 1226 972 prohibet
1257 883 1374 975 dioere,
1407 887 1495 972 quod

365 993 440 1062 leve
456 1002 527 1078 est;
552 998 673 1077 quanto
690 992 797 1077 magis
814 1011 872 1061 nos
889 991 1042 1079 prohibet
1073 993 1108 1060 in
1138 991 1233 1063 domo
1266 1014 1326 1062 sua
1357 995 1494 1081 lupanar
1552 1021 1553 1024 ¹

365 1101 485 1191 labore,
502 1099 589 1187 quod
606 1101 703 1168 nimis
719 1119 858 1185 gravam
875 1106 936 1169 est.
961 1099 1043 1168 Etsi
1061 1120 1121 1186 ego
1139 1100 1291 1170 tantillus
1306 1103 1492 1171 homonihil

365 1209 439 1276 uolo
456 1211 491 1275 in
507 1206 603 1276 domo
622 1227 697 1275 mea
712 1227 844 1274 demere
859 1207 1035 1296 sordidum,
1063 1209 1120 1276 sed
1144 1209 1254 1277 omnia
1284 1209 1420 1296 pnlebra
1453 1229 1490 1279 ae

365 1316 494 1383 nitida:
511 1324 633 1399 quanto
649 1314 756 1400 magis
772 1316 869 1402 Deus,
886 1316 941 1399 qui
958 1326 1009 1384 est
1025 1318 1095 1383 Rex
1126 1317 1252 1403 Regum
1282 1327 1314 1384 et
1344 1316 1492 1386 dominus

364 1421 610 1505 dominantium,
625 1423 695 1488 vult
709 1423 831 1490 habers
848 1422 958 1490 omnia
973 1421 1201 1508 pulohrissima
1217 1424 1251 1489 in
1278 1422 1373 1490 domo
1404 1425 1489 1493 anai
1562 1489 1563 1492 ,

364 1529 569 1618 Quapropter
585 1531 701 1596 timore
716 1528 889 1616 perterriti,
922 1537 1139 1614 optantesque
1155 1549 1213 1596 nos
1230 1549 1269 1596 ex
1285 1531 1411 1617 antiqui
1435 1531 1490 1600 ho·

362 1639 423 1707 stis
440 1639 557 1724 laqueo
574 1637 708 1726 eripere,
725 1635 911 1720 rogavimus
927 1635 1094 1722 prediatus
1122 1636 1296 1706 monachus
1328 1639 1490 1706 unanimi-

362 1754 420 1836 ter,
438 1752 473 1812 nt
487 1746 521 1813 in
459 1745 609 1814 tloeo
626 1744 749 1812 fabrine
766 1746 943 1811 constituto
958 1743 1099 1811 alterum
1125 1746 1300 1830 pretorium
1328 1783 1365 1794 -
1385 1783 1429 1793 -
1446 1783 1490 1795 -

362 1887 1426 1905 ------------------
1459 1862 1490 1922 et

361 1962 524 2049 prolatam
539 1959 752 2029 hereditatem
769 1959 825 2026 fiat
841 1957 1018 2026 seeundum
1030 1958 1160 2027 Domini
1172 1967 1358 2047 preceptum
1371 1960 1489 2030 amodo

362 2075 396 2137 et
411 2089 512 2153 usque
529 2069 562 2135 in
579 2067 811 2153 sempiternum
828 2065 974 2154 liberam,
991 2073 1027 2132 ut
1052 2067 1144 2133 decet
1175 2067 1304 2134 domum
1335 2069 1407 2136 Dei.
1447 2070 1489 2134 nt
1572 2151 1573 2154 Ἴ

361 2178 424 2244 hoo
440 2177 561 2244 saetam
579 2179 639 2260 est,
655 2173 749 2240 aienti
765 2173 884 2259 prefati
900 2194 1021 2261 sumus,
1039 2194 1080 2242 ex
1097 2193 1257 2243 eonsensn
1273 2175 1360 2242 omni
1386 2195 1488 2260 popu·

360 2285 405 2366 lo,
421 2287 453 2350 et
467 2280 591 2349 domini
618 2280 705 2346 Petri
729 2279 924 2346 venerabilis
956 2279 1104 2366 Abbatis,
1136 2283 1267 2368 quantis
1297 2284 1485 2352 morabatur

360 2390 559 2478 temporibus
576 2387 742 2470 ininsula,
758 2405 820 2470 que
835 2392 971 2454 vocatur
986 2388 1178 2467 Laorumno‚
1196 2389 1257 2455 sub
1268 2389 1360 2456 ouius
1371 2391 1486 2474 regula

360 2498 503 2581 degebat
519 2495 615 2560 etiam
632 2500 663 2559 et
679 2493 750 2578 ipse
765 2493 952 2559 monachus.
978 2491 1073 2562 Unde
1088 2515 1153 2562 non
1169 2494 1291 2562 audeat
1307 2495 1338 2562 ei
1354 2515 1397 2564 an
1412 2498 1482 2565 nul·
1572 2519 1573 2522 ’

359 2604 410 2671 lus
427 2601 597 2671 cuiuslibet
609 2599 705 2666 homo
723 2597 954 2685 contradidere,
991 2621 1050 2667 neo
1075 2620 1243 2671 successor
1273 2601 1398 2670 soilioet
1428 2626 1485 2673 uo·

360 2722 437 2798 ster,
454 2730 513 2777 nee
530 2695 647 2776 nobilis
662 2711 779 2773 noster.
798 2703 921 2782 Quodsi
935 2707 1008 2790 quia
1025 2715 1134 2776 noster
1150 2709 1218 2776 sire
1235 2728 1400 2779 suoeessor
1415 2713 1485 2780 sive
1564 2738 1568 2750 ·

356 2818 476 2889 nobilis
491 2825 651 2885 temerare
668 2814 910 2900 presumpserit,
942 2815 1132 2898 solvereque
1159 2817 1401 2902 attemptaverit
1433 2819 1484 2885 fir-

357 2928 502 2995 missimo
519 2923 630 3010 paotni
646 2927 766 3004 nostro,
783 2919 902 2988 habeat
923 2920 979 2988 ille
1005 2921 1135 3006 manoip
1151 2957 1431 2975 -----
1451 2926 1482 2992 ἱο

356 3034 517 3119 uideatur,
534 3033 617 3099 iram
633 3027 695 3095 Dei
712 3026 959 3112 Omnipotentls,
976 3026 1085 3100 Patris
1102 3027 1178 3095 Filii
1194 3036 1227 3095 et
1243 3029 1383 3115 Spiritus
1400 3033 1481 3100 San·

273 3198 277 3206 .
337 3143 408 3228 oti,
424 3143 577 3226 incurrat,
595 3141 627 3202 et
642 3141 827 3204 sanatorum
844 3134 994 3221 omnium,
1013 3139 1046 3201 et
1060 3156 1082 3202 a
1096 3135 1333 3203 melediurionir
1350 3136 1482 3208 vinonio

239 3255 245 3263 '
353 3255 567 3319 tercentorum
584 3249 616 3310 et
631 3250 704 3312 ooto
718 3239 803 3336 ligg
817 3240 1036 3327 helyesebben
1052 3242 1134 3329 318)
1151 3243 1282 3310 Petrum
1298 3243 1477 3314 insolabili-

354 3366 403 3426 ter
419 3354 607 3438 denodetur,
625 3350 702 3417 etin
721 3349 897 3415 novissimo
913 3349 1109 3416 maranatha
1124 3368 1195 3416 oum
1214 3348 1345 3421 diabolo
1362 3359 1394 3420 et
1409 3352 1498 3434 eius¹

335 3487 337 3493 ·
353 3471 455 3532 tetros
471 3460 645 3541 ministros,
661 3477 702 3524 uo
717 3455 805 3523 Juda
821 3453 1012 3522 Scariothes
1027 3455 1062 3525 in
1078 3452 1210 3524 Genehe
1225 3457 1393 3527 baratrum
1408 3480 1476 3528 mn·

353 3577 494 3653 meretur,
512 3574 544 3634 et
570 3569 694 3632 statuta
717 3561 883 3649 privilegii
915 3562 1138 3648 redintegrare
1168 3563 1342 3649 duplieiter
1372 3571 1475 3654 pretio

347 3674 500 3763 jndiciali
518 3669 681 3740 sententia
696 3668 891 3754 perdometur
907 3678 1005 3754 atque
1022 3671 1240 3740 convineatur.

459 3781 575 3849 Aotum
593 3785 645 3845 est
659 3776 721 3844 hoo
754 3775 864 3861 palam
896 3778 1031 3848 testibus
1064 3781 1302 3847 corroboratum
1332 3788 1477 3867 tempore

306 3909 309 3916 ·
349 3887 574 3975 suprascripto
591 3904 700 3952 mense
715 3883 895 3952 Februarii.
935 3886 978 3952 Et
994 3894 1121 3955 nosmet
1137 3885 1200 3971 ipsi
1227 3885 1352 3956 scilieet
1376 3889 1475 3975 priui-

349 3997 437 4084 legia
452 4016 508 4084 qm
499 3991 742 4078 disposuimus
756 3991 873 4079 lacere,
890 3991 1047 4076 elegimus
1065 3999 1173 4061 tantos
1189 4013 1229 4061 ao
1246 3996 1329 4061 tales
1354 4001 1473 4064 testes:

454 4101 606 4171 Primitus
623 4100 763 4168 omnium
780 4101 848 4185 ugo
864 4099 1109 4187 prenominatus
1127 4100 1220 4168 Prior
1237 4101 1330 4170 testis
1341 4089 1423 4190 sum,
1439 4110 1472 4171 et

333 4211 408 4280 'hoo
425 4219 474 4279 est
488 4211 509 4288 't
524 4210 652 4294 signum
667 4227 783 4274 meum.

454 4318 587 4404 Signum
602 4316 623 4395 †
638 4337 736 4386 manu
751 4315 911 4400 Stephani
926 4315 1099 4385 Pr'esbiieri
1115 4316 1176 4386 filii
1192 4352 1235 4364 -
1250 4353 1294 4365 -
1313 4355 1366 4387 -.

453 4425 588 4510 Signum
619 4424 641 4501 †
671 4443 769 4490 manu
800 4420 920 4490 domini
953 4422 1138 4511 Lampridii
1160 4423 1337 4493 Presbiteri
1369 4424 1473 4496 irater

328 4531 491 4598 ¹loannis.
