3182 5200
14 11 484 269 π’
585 239 593 248 ,

552 425 713 524 „133”

72 617 264 701 perturbare,
290 619 347 684 sed
372 619 486 703 pocius
511 619 550 686 in·
571 618 708 706 pacifica
731 619 938 705 possessione
963 633 1018 682 eos
1043 611 1085 678 ab
1101 611 1192 677 omui-

23 752 25 761 ·
81 720 244 792 infestante
259 724 442 794 defensare.
460 729 514 796 De
531 729 626 795 metis
643 747 719 796 vero
735 728 850 811 quitus
867 723 980 808 predia
996 717 1191 788 concludun-

80 836 133 913 tur,
148 838 179 896 et
192 832 232 897 tie
248 833 384 901 testibus
415 835 451 900 in
476 834 649 921 privilegio
679 835 826 922 proxime
854 833 990 900 recitato
1020 823 1199 910 sepedicti

75 933 347 1024 iilsctiptenarius
363 943 557 1012 continetur.

175 1047 242 1115 Nos
260 1051 373 1136 itaque
383 1051 470 1118 sotis
490 1050 701 1136 diligencium
720 1051 825 1119 Deum
835 1048 943 1115 debito
963 1045 1194 1113 concurrentes

74 1171 201 1220 assensu
217 1154 304 1222 hanc
320 1157 529 1246 donatiouem
554 1159 789 1242 confirmamus,
816 1163 921 1224 ratum
945 1159 978 1221 et
993 1157 1121 1238 matum
1137 1145 1196 1212 hu·

79 1259 187 1344 mmm,
215 1271 408 1354 statuentes,
450 1266 538 1351 quod
577 1265 662 1333 nulli
695 1282 836 1349 unquam
867 1261 1033 1328 homiuum
1074 1265 1189 1324 contra

78 1369 218 1451 paginam
234 1381 347 1440 nosue
363 1374 618 1441 confirmationis
634 1374 731 1440 liceat
754 1371 842 1438 diota
857 1367 972 1457 predia
997 1367 1189 1454 perturbare

14 1481 15 1558 ζ
79 1472 224 1561 indebite5
243 1480 332 1562 quod
347 1484 374 1548 si
386 1480 551 1569 quispiam
561 1480 827 1549 ausutemerario
837 1482 1034 1562 attemptare
1048 1489 1195 1559 presum-

14 1649 15 1674 .
78 1583 175 1669 poerit,
191 1584 454 1670 indignacionem
465 1587 707 1673 Omnipoteutis
717 1585 780 1653 Dei
790 1605 826 1653 se
836 1583 963 1650 noverit
978 1583 1194 1648 incursurum.

14 1705 16 1712 ·
78 1694 160 1756 Auno
175 1691 215 1757 ab
231 1694 470 1761 Incuruatioue
488 1696 618 1762 Domini
633 1693 790 1762 MCGXV.
808 1693 980 1776 Regnante
995 1685 1190 1771 iu'Vngaria

14 1845 16 1904 ξ
72 1797 204 1880 glorioso
220 1803 313 1886 Rege
327 1801 473 1888 Andrea,
491 1799 939 1888 B(ertn01d0)nrciepiscopo
956 1793 1103 1863 Ooiceusi
1123 1793 1191 1859 exi-

77 1910 178 1993 stente,
194 1914 227 1974 et
241 1906 403 1996 J(oauue)
424 1909 516 1976 Bane
534 1909 707 1976 Solavome
724 1907 892 1974 existente.

14 2003 17 2034 t

14 2037 17 2070 i

14 2075 33 2208 ξ,
158 2105 321 2166 (Teutonico,
341 2107 465 2156 Monam.
486 2107 553 2156 hist.
572 2107 664 2169 Episc.
684 2104 879 2169 Zagrabieueis
898 2105 920 2152 1.
940 2105 998 2153 ket.
1020 2105 1061 2152 36.
1081 2103 1112 2164 l.)

14 2209 17 2252 Ι

502 2386 770 2404 ——11--0-

611 2925 664 2994 83.

83 3129 111 3185 Α
125 3129 225 3192 romei
240 3127 314 3190 ezelo
330 3125 488 3190 mittitote
505 3124 658 3188 circinat
674 3123 943 3210 bizooyea‘plccele,
960 3125 1044 3210 hopy
1070 3149 1089 3188 α
1116 3141 1202 3188 stent

20 3235 25 3294 t
85 3230 184 3316 Epped
199 3235 409 3319 eomoypodro'
424 3242 584 3298 monostor
600 3236 711 3317 mapdt
737 3255 757 3294 a
778 3230 1018 3318 pannonhalmc'
1044 3236 1202 3316 opdtedp-

21 3299 25 3428 ξ
311 3340 374 3403 nuk
381 3338 539 3421 flzetmede'i
554 3337 671 3404 tizedre
687 3337 843 3403 kittelezte.
870 3339 962 3404 1215.

23 3515 28 3593 i*
180 3535 301 3601 Notum
319 3534 362 3600 sit
376 3533 525 3599 omnibns
542 3532 601 3598 hae
630 3530 754 3599 litteras
787 3533 990 3616 inspecturis,
1023 3533 1110 3618 quod
1140 3553 1200 3600 nos

24 3625 27 3730 ᾖ
88 3639 254 3709 tunnensis
274 3641 465 3726 Episcopus,
498 3647 531 3706 et
554 3639 782 3706 Waradiensis
813 3647 846 3707 et
877 3638 916 3706 de
947 3641 1026 3709 Beel
1057 3639 1203 3710 Abbotes

89 3745 197 3815 iudicas
210 3747 333 3816 fuimus
350 3769 372 3814 a
386 3747 517 3814 domino
533 3747 626 3831 Papa
640 3747 796 3833 delegati,
813 3750 847 3815 in
863 3765 964 3815 causa
980 3750 1201 3832 queuerteba·

26 3839 29 3938 ἶ
89 3859 131 3920 tur
143 3857 222 3924 iuter
238 3857 399 3927 Abbatem
417 3854 530 3922 Sancti
546 3855 678 3922 Martini
695 3875 738 3922 ex
752 3875 818 3923 vna
847 3863 951 3943 porte,
978 3863 1010 3923 et
1039 3856 1200 3924 Abbotem

27 3945 29 4025 ὲ
90 3967 118 4026 et
127 3965 297 4032 monachos
313 3963 539 4050 Symigiensee
555 3983 595 4029 ex
611 3963 725 4050 altera,
742 3981 839 4048 super
854 3963 987 4030 decimis
1002 3965 1196 4050 prediorum,

28 4037 47 4138 '‚
90 4087 249 4157 orreorum,
266 4070 469 4137 cellariorum
487 4078 520 4138 et
534 4069 727 4157 populorum
743 4089 883 4157 suornm,
916 4079 948 4137 et
971 4072 1200 4156 parrochiano·

91 4193 149 4242 rum
163 4180 298 4265 capelle
314 4179 428 4246 Sancti
445 4180 546 4265 Petri,
563 4187 596 4245 et
610 4177 750 4245 aliarum
767 4197 871 4246 rernm
898 4200 959 4263 que
985 4179 1028 4245 ad
1059 4179 1198 4264 Symigi·

92 4303 157 4351 enee
170 4286 399 4354 Monasterium
416 4286 632 4373 pertinebant.
673 4281 763 4355 Haas
779 4288 921 4354 decimas
950 4287 1063 4354 Abbas
1089 4287 1201 4354 Sancti

95 4387 212 4462 Martini
228 4395 393 4481 predictus
407 4399 573 4477 tamqnam
589 4393 717 4461 debitas
742 4415 801 4462 sno
826 4395 1021 4462 Monasterio
1052 4395 1202 4464 nendica-

93 4497 147 4564 tat
170 4502 314 4586 Cumque
330 4519 429 4588 super
444 4502 505 4587 hys
521 4519 631 4568 coram
648 4503 742 4568 nobis
766 4503 969 4589 aliquamdiu
993 4502 1107 4571 fuisset
1132 4523 1205 4590 pru

92 4617 226 4692 mesum
251 4617 360 4676 tamen
377 4617 646 4692 recognoscentes
661 4609 821 4698 Monaohi,
837 4609 926 4695 quod
949 4610 1095 4696 predicte
1120 4611 1204 4678 deci·

93 4728 140 4775 ne
151 4713 192 4780 ad
207 4717 259 4782 ius
275 4723 308 4782 et
323 4716 553 4801 proprietatem
569 4718 758 4785 nonasterii
776 4719 887 4785 Sancti
903 4721 1034 4786 ilartioi
1065 4720 1203 4804 pertine«

1061 4829 1101 4894 9*

1554 3125 1563 3168 ³i

1554 4159 1576 4300 t

1556 4307 1576 4524 i

1444 4525 1576 4712 *p
