3184 5186
835 299 995 400 „Q-

356 500 388 560 et
418 491 573 558 bonorum
605 490 770 562 hominum
794 497 938 580 ipsorum
955 495 1172 564 comitatuum
1188 497 1315 579 integre
1331 504 1364 562 et
1378 497 1474 563 invio

354 598 498 666 labiliter
527 600 704 667 observare
734 603 795 669 snb
811 622 899 688 pena
914 601 1071 670 librarum
1087 603 1176 670 mille
1193 604 1390 670 Venetarnm
1407 625 1478 688 par·

352 727 475 794 vorum,
507 728 569 792 que
599 728 684 793 pena
700 709 854 778 devenire
871 710 988 778 debeat
1004 710 1038 776 in
1054 719 1157 799 parte,
1173 732 1238 796 que
1253 712 1476 780 observaverit

353 813 511 902 predicta,
542 815 589 883 ita
619 815 707 901 qnod
738 816 888 885 dominus
915 819 990 885 Dux
1022 826 1055 885 et
1072 820 1246 887 Commune
1261 817 1479 886 veneciarum

352 924 439 1008 parti
454 923 641 990 observanti
658 923 738 990 dare
753 925 895 992 debeant
910 926 1065 993 auxilium
1083 933 1115 993 et
1134 925 1277 995 favorem
1294 925 1476 993 addictam

352 1051 470 1116 penam
502 1029 734 1099 excuoiendam
766 1040 880 1100 eontra
910 1041 1043 1122 partem,
1074 1055 1137 1119 que
1168 1055 1233 1104 non
1253 1033 1475 1102 observaverit

352 1138 508 1225 predicta.
525 1139 567 1204 Et
589 1140 651 1207 boc
679 1141 929 1210 instrumentum
960 1142 1190 1210 nichilominus
1223 1162 1355 1228 semper
1369 1142 1403 1208 in
1421 1161 1480 1209 sun

351 1257 542 1334 permaneat
572 1247 735 1335 firmitate,
758 1249 860 1318 salvis
891 1249 994 1317 ceiam
1025 1250 1141 1318 bannis
1173 1249 1321 1337 superins
1338 1269 1482 1335 eompre-

353 1356 474 1424 hensis.
505 1354 576 1433 Qne
606 1355 733 1439 quidem
766 1357 877 1424 omnia
915 1358 1059 1444 predicta
1098 1365 1130 1428 et
1168 1359 1300 1442 singula
1339 1359 1483 1425 Comites

353 1465 419 1551 ipsi
450 1464 646 1549 iuraverunt,
679 1465 764 1532 sicut
794 1465 885 1532 dieta
915 1473 1000 1552 eunt,
1033 1465 1240 1534 inviolabiter
1256 1467 1435 1534 observare
1452 1471 1484 1530 et

352 1572 534 1661 attendere,
566 1572 671 1639 donec
701 1573 808 1640 dictus
838 1573 959 1642 nobilis
989 1573 1149 1643 lobannis
1175 1574 1321 1660 'leupolo
1341 1571 1480 1640 vinxerit

351 1689 385 1746 et
424 1683 550 1749 steterit
591 1689 625 1748 et
656 1679 816 1749 Gomitotu
846 1683 1008 1771 predicto,
1047 1689 1079 1749 et
1110 1689 1234 1750 tantum
1266 1683 1342 1768 plns
1376 1700 1484 1765 quan-

353 1799 420 1856 tum
436 1809 641 1858 successores
657 1789 736 1878 eius,
754 1791 810 1874 qni
826 1798 901 1876 post
920 1811 991 1858 enm
1009 1790 1129 1856 fuerint
1145 1792 1179 1856 in
1196 1787 1360 1856 comitatu
1377 1788 1481 1855 Abse-

352 1898 451 1984 rensi‚
467 1897 576 1963 iurare
593 1896 753 1963 voluerint
769 1899 945 1965 observare
959 1897 1117 1985 predicto,
1149 1897 1196 1964 ita
1225 1894 1310 1982 quod
1343 1894 1481 1980 quilibet

353 2005 423 2072 eius
439 2023 616 2090 successor,
637 2003 690 2089 qui
705 2003 802 2072 inerit
818 2004 852 2070 in
870 2005 1032 2072 (lomitatu
1048 2003 1165 2072 Abseri
1175 2011 1207 2069 et
1222 2001 1349 2088 (lbersi,
1367 2003 1480 2069 iurare

353 2112 473 2180 debeat
496 2109 584 2179 infra
603 2111 745 2178 medinm
760 2132 881 2178 annum
897 2119 1067 2199 postquam
1083 2111 1127 2179 ad
1144 2112 1264 2179 dietum
1283 2111 1485 2179 Comitatom

356 2223 451 2289 iverit
483 2220 532 2288 vel
566 2220 712 2307 vioxerit,
745 2220 894 2304 predicta
925 2225 1034 2288 omnia
1050 2220 1219 2288 attendere
1235 2227 1267 2286 et
1284 2221 1482 2298 observare;

353 2329 440 2412 quod
456 2333 484 2396 si
506 2348 571 2394 non
594 2327 716 2417 iecerit,
749 2338 781 2397 el
812 2329 900 2395 infra
930 2329 1076 2414 spacium
1108 2327 1206 2395 medii
1237 2328 1316 2393 anni
1351 2325 1486 2410 aliquod

353 2435 472 2502 sactum
504 2437 566 2502 erit
582 2443 694 2504 eontra
709 2436 867 2523 predicte,
884 2455 949 2502 non
966 2443 1138 2503 teneantur
1154 2435 1204 2502 illi
1220 2435 1261 2502 de
1286 2433 1394 2518 Vegla
1427 2432 1484 2498 ali-

353 2544 439 2629 quod
462 2543 587 2612 solvcre
619 2544 660 2611 de
692 2567 778 2632 pena
808 2543 955 2631 predicta
986 2547 1075 2612 mille
1106 2544 1272 2613 librarum.
1289 2543 1331 2609 Et
1347 2544 1485 2629 insuper

354 2651 501 2738 predicta
532 2652 641 2719 omnia
673 2674 785 2722 omnes
818 2653 965 2720 homines
992 2653 1155 2720 dictarum
1173 2651 1355 2719 insularum
1372 2651 1484 2716 iurare

354 2761 495 2827 debeant
510 2761 619 2828 omnia
635 2764 807 2828 observare
824 2754 857 2829 et
868 2783 931 2830 non
948 2761 1185 2845 contravenire,
1202 2766 1235 2825 et
1250 2758 1339 2843 qnod
1356 2757 1482 2826 lurtum
1570 2748 1571 2751 '

354 2892 418 2938 non
434 2869 567 2952 facient,
592 2892 651 2938 neo
661 2874 847 2938 tractabunt
863 2888 924 2937 nec
934 2870 1151 2938 consiliabnnt
1166 2869 1244 2934 lieri.
1270 2867 1342 2953 Ego
1352 2869 1483 2954 Rayne-

354 2981 420 3046 rlns
436 2978 528 3047 Geno
544 2978 606 3048 Dei
623 2979 729 3063 gratia
745 2980 819 3044 Dur
834 2997 933 3045 manu
946 2997 1020 3044 mea
1035 2975 1225 3062 subscripsi.

355 3178 489 3244 (Ljubies,
514 3179 698 3232 Monumenta
723 3177 883 3246 spectantia
908 3177 1058 3230 historiam
1077 3177 1224 3230 Slavornm
1249 3175 1485 3228 Meridionalinnr

815 3267 840 3319 Ι.
852 3267 911 3320 lrbt.
932 3271 974 3318 93.
988 3267 1020 3330 1.)
