3184 5186
726 267 731 272 ’
844 315 1003 414 aa„

360 508 488 574 solvere
519 513 550 575 et
582 506 660 575 dare
680 509 802 578 debent
816 509 930 578 Comes
947 509 1118 578 Sohinella
1133 517 1165 576 et
1181 509 1249 577 eius
1266 508 1323 574 lilii
1346 507 1490 595 predicti

361 624 393 682 et
431 634 539 682 eorum
580 617 725 704 heredes,
765 619 882 702 quibus
921 638 1078 688 ooneessa
1118 623 1167 686 est
1206 616 1362 683 medietas
1407 615 1487 682 dieti

361 720 549 810 Comitatus,
574 730 606 790 et
637 726 734 794 aliam
760 728 962 795 medietatem
995 726 1073 793 dieti
1097 725 1298 809 Frederious,
1314 724 1492 792 Bartholo-

361 850 452 900 mens
468 841 501 900 et
532 833 650 924 Cnido,
682 842 838 905 eteorum
869 838 1004 906 heredes
1035 839 1162 906 solvere
1189 843 1222 904 et
1251 835 1491 918 derodebant,

361 934 535 1024 dequibus
552 941 672 1012 babere
689 943 848 1012 debemus
865 966 924 1014 nos
935 946 1010 1014 Dux
1025 965 1084 1031 pro
1094 945 1214 1013 salario
1226 945 1318 1012 nobis
1327 961 1491 1010 ooneesse

361 1047 464 1116 libras
480 1050 713 1139 septingentas,
725 1058 758 1119 et
770 1053 873 1120 libras
884 1053 1042 1122 dueentas
1058 1053 1178 1120 babere
1193 1051 1289 1119 debet
1304 1050 1432 1117 nobilis
1444 1049 1494 1114 vir

363 1153 562 1226 Laurentius
573 1160 718 1242 Teupolo
728 1161 832 1229 donee
840 1161 987 1244 viexerit,
1006 1169 1037 1228 et
1058 1159 1281 1227 eodeeedente
1295 1157 1493 1225 inCommn·
1587 1151 1589 1222 5

362 1285 403 1330 no
421 1263 636 1334 veneciarum
653 1267 738 1336 dieto
754 1269 836 1336 libre
861 1268 1001 1336 ducente
1018 1266 1174 1335 devenire
1188 1267 1315 1335 debent
1332 1265 1492 1332 Preterea
1588 1331 1589 1334 ,

362 1371 631 1459 quandocumque
641 1397 699 1463 pro
709 1377 877 1444 Communi
889 1376 1100 1443 Veneoiarum
1109 1377 1319 1442 armabuntur
1328 1373 1428 1458 galee
1440 1373 1494 1437 tri·

361 1484 453 1565 ginta
468 1481 521 1550 vel
548 1503 570 1550 a
594 1484 725 1568 triginta
741 1485 899 1572 superins,
916 1486 1038 1552 armari
1054 1483 1172 1552 debeat
1187 1503 1253 1550 una
1265 1503 1323 1568 per
1338 1482 1493 1548 homines
1588 1507 1589 1564 j

361 1588 464 1674 ipsius
475 1589 651 1660 Comitatus
661 1611 770 1659 eorum
791 1593 955 1678 expensis,
971 1593 1048 1660 etsi
1064 1590 1255 1676 Magnitudo
1273 1592 1491 1658 Veneoiarnm
1587 1649 1589 1662 i

361 1697 420 1764 ibit
434 1717 494 1784 per
510 1699 719 1787 partitionem
737 1699 770 1765 in
789 1701 860 1785 ipso
877 1699 1029 1783 eremite,
1047 1699 1133 1783 quod
1151 1719 1233 1764 unos
1250 1719 1291 1764 ex
1307 1697 1493 1764 Comitibns
1588 1741 1589 1746 κ

360 1805 401 1872 de
432 1807 536 1874 Domo
568 1806 671 1890 Vegle
701 1807 748 1876 ire
772 1808 868 1876 debet
888 1809 922 1874 in
939 1808 1010 1895 ipso
1027 1807 1171 1874 exorbito
1186 1807 1219 1872 in
1238 1807 1312 1890 ipsa
1328 1806 1443 1890 galea,
1461 1811 1494 1872 et
1587 1801 1589 1870 ἕ

364 1921 451 1982 “²10
466 1914 499 1980 5¹¹
517 1915 749 2000 ll⁸00¹010itu
766 1936 875 1986 eornm
892 1915 1050 1983 Comitum
1083 1913 1264 1999 sumptibus
1295 1912 1403 1980 donee
1436 1912 1492 1980 alii

362 2021 491 2090 nobiles
523 2023 564 2091 de
595 2023 748 2092 Veneeiis
778 2023 1025 2109 permanebunt.
1054 2025 1133 2090 ltem
1150 2021 1234 2090 inira
1251 2021 1363 2088 decern
1383 2041 1492 2089 annos
1588 2019 1589 2100 g

361 2134 513 2198 venturos
529 2129 647 2200 debent
662 2136 696 2198 et
710 2137 860 2199 tenentur
876 2130 954 2199 dioti
971 2131 1125 2214 Comites,
1157 2136 1224 2198 tam
1250 2127 1366 2198 Comes
1398 2129 1491 2196 Sebi-

361 2236 450 2304 nella
479 2245 513 2304 et
537 2239 587 2306 sni
603 2238 751 2327 heredes,
769 2260 868 2324 qoam
884 2240 962 2308 dieti
979 2238 1171 2307 &edericus
1189 2244 1222 2306 et
1236 2237 1489 2319 Bartholomens

362 2350 393 2410 et
409 2343 526 2430 Cnido,
544 2365 664 2430 ponere
681 2349 715 2414 in
733 2347 883 2417 Veneoiis
908 2348 941 2415 in
967 2347 1228 2433 possessionibus
1243 2346 1402 2414 librarum
1435 2345 1489 2412 de·

360 2470 430 2517 eem
463 2451 552 2519 milia
583 2454 807 2524 Veneeialium
833 2476 1016 2544 parvorum,
1038 2453 1188 2541 ponendo
1208 2452 1359 2522 videlieet
1374 2474 1396 2520 a
1412 2473 1490 2540 qna·
1588 2465 1589 2474 ’

359 2566 431 2626 tuor
446 2561 541 2629 annis
558 2565 707 2647 proxime
722 2565 866 2634 venturis
882 2567 914 2632 in
932 2571 1031 2632 antea
1064 2563 1209 2649 quolibet
1240 2583 1326 2629 auno
1359 2570 1488 2629 tanturn
1586 2591 1588 2640 5

360 2673 516 2752 qnantum
532 2668 697 2738 devenerit
713 2673 841 2740 ubilibet
858 2672 941 2758 parti
958 2678 1136 2757 porratam
1152 2672 1185 2737 in
1201 2668 1351 2754 deposito
1368 2669 1402 2734 in
1421 2671 1485 2736 Ve-
1586 2663 1588 2669 ’

359 2776 460 2844 neeiis
476 2779 644 2844 annuatim
660 2800 719 2866 pro
732 2782 812 2867 ipsis
827 2781 1087 2867 possessionibus
1104 2778 1341 2866 temperandis,
1359 2777 1402 2842 de
1419 2779 1489 2862 qni-

358 2886 418 2954 bus
435 2883 639 2956 medietatem
657 2907 778 2972 ponere
795 2889 914 2957 debent
929 2887 1034 2957 dietus
1052 2889 1166 2955 Comes
1183 2884 1352 2953 Sobinella
1368 2893 1401 2950 et
1417 2886 1489 2952 eius

361 2992 498 3062 heredes
515 2995 558 3060 ad
573 2993 757 3064 faciendum
777 3018 815 3062 ex
849 2986 909 3064 eis'
928 2997 1029 3064 libere
1059 3016 1116 3081 pm
1149 2993 1259 3060 anima
1290 3000 1322 3060 et
1352 3012 1489 3078 corpore

361 3101 516 3187 quioquid
547 3103 708 3170 voluerint
739 3103 899 3172 ordinare.
933 3103 1013 3170 Item
1045 3102 1315 3187 qnandooumque
1340 3101 1437 3168 nobis
1457 3108 1488 3167 et

361 3209 478 3274 nostris
496 3211 735 3276 suecessoribus
752 3217 784 3280 et
801 3207 970 3278 Communi
986 3209 1199 3276 Veneoiarnm
1218 3226 1358 3274 neeesse
1391 3205 1489 3275 fuerit

358 3314 477 3383 babere
502 3327 632 3402 gentem
648 3339 708 3404 pro
725 3318 893 3385 Communi
910 3317 1130 3400 Veneoiarum,
1146 3323 1317 3382 teneantur
1333 3315 1412 3382 dieti
1430 3317 1487 3384 ce

357 3425 452 3493 mites
468 3425 542 3492 dnm
559 3427 717 3493 vinxerint
733 3426 893 3513 equaliter
910 3447 967 3512 per
982 3431 1219 3494 sacramentum
1238 3425 1317 3492 dare
1340 3445 1486 3511 operam,

357 3532 442 3616 quod
467 3533 500 3598 in
527 3533 640 3602 Insula
666 3534 771 3619 Vegle
786 3542 817 3600 et
835 3534 998 3602 Comitatu
1014 3555 1053 3600 ao
1069 3534 1143 3600 aliis
1160 3532 1254 3599 terris
1270 3532 1485 3598 oireumstan·

358 3640 445 3706 tibus
476 3641 683 3708 inveniantur
714 3641 756 3706 ad
789 3641 916 3708 soldum
942 3639 1128 3708 Communis
1151 3638 1364 3706 Veneeiarnm
1384 3659 1488 3723 usqne

358 3754 484 3816 eentum
516 3752 565 3815 vel
598 3750 728 3817 ducenti
760 3749 906 3817 homines
939 3769 996 3836 pro
1027 3748 1085 3814 tali
1111 3748 1212 3836 soldo,
1229 3746 1335 3830 qualis
1353 3745 1485 3814 dabitur

357 3857 390 3922 in
408 3856 565 3924 Veneeiis.
584 3859 623 3924 nt
640 3857 911 3941 quandoeumqne
927 3856 1121 3923 frumentum
1138 3855 1258 3922 valebit
1273 3854 1306 3919 in
1334 3855 1487 3926 Veneeiis

358 3966 521 4051 atriginta
538 3963 638 4034 soldis
654 3967 804 4051 superins
820 3987 880 4051 pro
895 3965 1006 4049 sturio,
1024 3963 1151 4031 dabunt
1166 3984 1300 4048 operam
1314 3965 1406 4032 bona
1423 3966 1484 4032 fide
1583 3973 1585 3980 ⁴

357 4073 436 4140 dieti
467 4072 609 4140 Comites
640 4072 717 4141 dum
750 4073 911 4141 vinxerint
942 4074 1112 4158 equaliter,
1144 4070 1231 4155 quod
1261 4071 1304 4138 de
1320 4071 1486 4140 Comitatn
1584 4103 1585 4108 ¹

356 4180 500 4269 predioto
531 4187 562 4247 et
579 4181 654 4248 aliis
670 4182 765 4248 terris
782 4184 902 4248 eironm
920 4180 1147 4247 adiacentibus
1164 4179 1197 4245 in
1214 4181 1328 4247 maiori
1356 4182 1484 4265 quanti-

356 4293 426 4357 tate
442 4309 508 4373 qua
535 4295 687 4373 poterunt
717 4290 760 4355 ad
790 4288 997 4358 vendendum
1029 4287 1189 4356 Veneeias
1220 4288 1432 4357 eondueatur.
1447 4293 1489 4357 Et

358 4399 410 4462 est
424 4396 598 4480 soiendnm,
614 4397 699 4481 quod
717 4398 944 4465 decedentibus
960 4397 1109 4464 omnibns
1120 4395 1299 4464 Comitibus
1309 4401 1485 4482 supraseri·
1582 4399 1585 4468 j

361 4503 423 4590 ptis
440 4509 473 4568 et
489 4522 597 4569 eorum
613 4504 790 4571 heredibus
806 4506 967 4586 maeoniis,
988 4505 1036 4572 ita
1061 4504 1149 4588 qood
1164 4505 1272 4571 nullus
1298 4502 1488 4573 masebnlus
1582 4535 1584 4600 3

359 4612 557 4699 supervivat,
590 4613 676 4681 idem
702 4613 881 4681 Comitatus
898 4616 932 4682 in
951 4633 1010 4681 nos
1027 4621 1060 4684 et
1075 4612 1252 4682 Commune
1269 4612 1484 4686 Veneoiarnm
1582 4645 1584 4672 ⁴
