3184 5186
574 355 735 456 ..45³-

82 541 174 614 dioto
187 545 309 632 jurium
325 566 455 616 suorum
472 548 816 636 possessionariorunn,
831 569 894 636 que
911 569 990 636 erga
1006 550 1095 635 ipsos
1122 551 1215 617 Pata-

88 655 201 736 tinnm,
216 653 432 739 Woyuodam,
449 653 633 741 fratresque
649 675 761 724 eornm
778 675 851 726 esee
876 655 1052 745 allegerat,
1084 656 1219 724 baberet

89 757 246 842 eonieota,
278 767 392 827 eontra
408 759 539 828 eosdem
555 760 599 828 ad
616 770 749 830 botanae
767 761 832 830 diei
849 763 947 848 medij
965 762 1216 848 quadragesime

87 875 164 932 tune
180 864 222 932 de
238 886 323 934 nono
341 867 524 955 preteritas,
541 869 615 936 sine
630 867 869 936 erastinaeione
884 868 919 936 in
945 868 1128 955 specialem
1152 867 1217 934 No-

78 981 154 1039 ·stre
170 972 356 1040 Maiestatis
373 975 580 1042 Preseneiam
596 981 749 1044 euocatus
765 975 928 1043 extitisset
943 978 1023 1062 stb.;
1049 976 1127 1059 quia
1152 977 1214 1042 stb.

85 1079 202 1146 eadem
219 1101 321 1147 eausa
352 1080 438 1148 inter
470 1089 581 1166 partes
614 1080 829 1166 diuersimode
861 1081 1019 1174 ventilata
1050 1088 1218 1167 presentes

80 1191 225 1252 oetauae
239 1182 315 1253 festi
330 1185 575 1254 Purifieaeionis
592 1186 693 1254 Beate
708 1186 853 1272 Virginis
869 1187 965 1256 modo
980 1187 1132 1256 dilatorio
1143 1190 1218 1255 atti·

86 1294 207 1374 giseet3
232 1293 374 1376 denique
390 1293 472 1381 ipsis
489 1293 614 1360 oeteuis
630 1293 838 1380 instantibus,
870 1294 1065 1379 interimque
1089 1293 1217 1381 prefato

84 1397 237 1466 Emerieo
252 1401 417 1485 Palatino,
445 1408 479 1467 et
493 1397 662 1486 Stephano
677 1400 745 1467 filio
761 1399 853 1467 Petri
868 1400 910 1468 de
934 1400 1043 1470 medio
1074 1400 1214 1470 sublatis

84 1505 148 1572 stb.
166 1506 272 1591 primo
289 1505 470 1591 prelibatus
489 1505 676 1591 Stephanus
691 1506 866 1591 Woyuode
881 1506 945 1573 tria
961 1506 1135 1593 priuilegia
1151 1508 1212 1574 stb.

84 1619 200 1679 nostro
218 1613 326 1680 offerri
342 1613 469 1680 ourauit
485 1614 625 1680 examini
636 1613 814 1699 judiciario
829 1614 893 1683 stb.
903 1614 1052 1681 Tandem
1068 1621 1216 1701 prenota-

78 1739 143 1786 sns
160 1719 314 1789 Nieolaus
329 1721 416 1788 filins
432 1722 563 1790 Nioolai
579 1727 650 1789 ooto
665 1721 843 1807 priuilegia
861 1723 925 1789 stb.
942 1720 1040 1788 simul
1054 1740 1126 1788 oum
1144 1721 1219 1805 aliis

83 1826 206 1909 viginti
222 1826 352 1896 duabus
368 1829 487 1897 litteris
504 1831 565 1897 stb.
584 1836 727 1897 nostrum
755 1827 908 1914 produxit
934 1827 968 1894 in
999 1834 1213 1914 eonspeotnm.

85 1933 232 2012 Quorum
264 1934 396 2019 quidem
427 1936 673 2023 priuilegiornm
706 1937 844 2022 primunr
861 1936 924 2003 stb.
962 1935 1112 2003 Tereinm
1140 1955 1217 2023 verp

82 2040 300 2128 priuilegium
315 2042 442 2109 scilieet
457 2043 538 2110 dieti
553 2042 676 2110 domini
692 2041 850 2127 Stephani
865 2041 966 2109 Dueis
981 2062 1068 2109 anno
1084 2041 1214 2109 Domini

1 2159 2 2164 ’
84 2145 253 2216 M⁰CC⁰L⁰
268 2172 352 2218 nono
369 2154 561 2238 oonieetnm,
577 2148 670 2218 Obak
698 2150 855 2235 Magistro
886 2149 1116 2217 Pineernarum
1147 2169 1219 2217 suo-

84 2279 158 2324 rum
177 2278 235 2341 pro
251 2259 319 2326 suis
335 2260 486 2345 seruioijs
505 2257 655 2326 Castrum
672 2257 796 2346 Horyg‚
828 2265 861 2324 et
891 2277 965 2324 enm
997 2256 1218 2343 spectantibus

85 2366 132 2431 ad
148 2365 378 2452 Myltnmberg,
394 2372 427 2432 et
442 2385 516 2435 enm
533 2366 612 2434 villa
627 2364 826 2449 Saxumfeld
842 2369 938 2450 prout
951 2362 1159 2450 Morsolphus
1175 2362 1217 2429 de

1 2517 2 2548 1
81 2474 198 2540 'Prenn
214 2473 321 2556 ipsam
336 2474 548 2560 possedisset,
581 2494 655 2541 enm
670 2472 864 2540 vtilitatibus
881 2477 914 2538 et
944 2470 1153 2557 pertinenoijs
1183 2470 1218 2535 in

1 2577 2 2666 f
81 2579 173 2648 filios
190 2579 330 2648 filiorum
344 2587 503 2667 perpetuo
518 2582 627 2668 ipsum
652 2581 776 2648 Duoem
807 2579 985 2648 eontulisse
1017 2577 1216 2646 declarabat.

81 2687 188 2756 Aliud
204 2708 330 2773 quoque
346 2688 554 2773 priuilegium
572 2687 717 2758 eiusdem
732 2687 833 2756 Duois
848 2706 935 2753 anno
950 2687 985 2752 in
1001 2683 1113 2752 eodem
1128 2704 1214 2754 ema·

1 2861 2 2876 p
83 2803 200 2864 natnrn
216 2795 429 2879 pereundam
445 2796 572 2864 Duoem
589 2794 672 2864 dues
689 2803 803 2879 terras,
818 2793 971 2860 Polonem
988 2790 1152 2874 videlieet,
1184 2799 1218 2858 et

1 2991 2 2994 Ἴ
84 2914 210 2972 terram
224 2902 356 2971 Nedelk
372 2911 405 2970 et
420 2902 525 2989 Zunk,
544 2903 625 2971 sitae
641 2904 726 2970 inter
741 2904 886 2969 Drauam
903 2906 935 2966 et
950 2897 1054 2983 Mure,
1087 2914 1108 2963 a
1119 2896 1218 2980 juris·

85 3011 239 3081 dieeione
255 3009 363 3079 Cestii
378 3010 586 3079 Zaladiensis
602 3011 726 3078 liberas
743 3017 775 3076 et
789 3013 968 3093 exemptas,
986 3023 1059 3072 enm
1069 3002 1137 3072 suis
1147 3023 1218 3090 per·

8 3173 13 3180 .
81 3119 242 3206 tineneijs
257 3117 440 3187 Lenohreto
456 3119 523 3188 filio
539 3118 653 3185 Buned
670 3138 727 3204 pro
744 3117 812 3185 suis
840 3113 999 3198 seruieije,
1031 3113 1092 3179 snb
1123 3111 1217 3178 metis

2 3233 3 3308 J
81 3228 118 3294 in
137 3225 254 3294 eodem
267 3226 444 3313 priuilegio
460 3227 621 3294 contentis
638 3231 795 3312 perpetuo
811 3223 907 3290 datas
922 3221 992 3288 iore
1004 3218 1217 3304 exprimebat.

3 3395 5 3400 ,
79 3337 247 3402 ‘renotem
263 3336 325 3402 stb.
342 3335 464 3401 Datum
480 3331 572 3401 Bnde
588 3329 745 3417 vigesimo
762 3328 816 3396 die
832 3333 1021 3396 oeteuarum
1036 3325 1115 3392 festi
1128 3324 1218 3392 Puri-

3 3427 5 3494 i
81 3442 253 3512 fioaeionis
270 3441 364 3508 Beati
381 3439 526 3524 Virginis
554 3437 774 3522 predictarum
807 3453 893 3502 anno
917 3434 1049 3501 Domini
1074 3430 1220 3501 M⁰COO⁰

79 3548 331 3637 septuagesimo
347 3552 451 3634 sexto,
468 3545 572 3630 Regni
591 3551 699 3612 autem
715 3543 818 3611 nostri
834 3541 998 3609 tricesimo
1015 3541 1136 3624 quinto.

200 3747 340 3810 (Eredetie
357 3744 540 3811 borhtrtydm
561 3741 680 3795 abudai
700 3741 752 3794 kir.
773 3741 900 3794 kamarai
918 3738 1113 3804 levtlttrban.)
