3184 5186
863 979 938 1047 339.

336 1187 358 1250 I
361 1183 397 1250 V.
411 1179 542 1248 Sdador
556 1185 646 1272 pdpo
664 1205 685 1246 a
699 1179 1084 1268 epalotoifdeepereutaek
1100 1179 1304 1264 mepbopyja,
1337 1179 1424 1261 bopy
1441 1197 1464 1236 o

330 1291 453 1378 jodoci
469 1291 615 1357 dreelcoelo
631 1315 652 1354 o
669 1291 817 1356 sidenicoi
829 1293 1005 1374 popcdpra
1019 1286 1196 1352 loimoudott
1226 1284 1342 1350 tutarer
1365 1282 1468 1368 sequ·

775 1399 896 1460 tostico.
923 1395 1020 1462 1260.

444 1590 629 1659 Alexander
646 1591 824 1679 Episcopus
841 1611 952 1658 servus
969 1610 1136 1657 servornm
1152 1589 1215 1656 Dei
1246 1588 1370 1656 dilecto
1400 1585 1470 1652 lilio
1590 1655 1591 1658 ,

339 1753 346 1769 .
365 1754 372 1769 .
391 1753 398 1768 .
416 1699 652 1768 Archidiacono
670 1699 812 1766 Ecclesia
828 1697 1034 1786 spalatensis
1050 1699 1190 1766 salntem
1203 1697 1467 1782 etApostolicam
1589 1725 1591 1766 u

337 1809 605 1878 benedictionem.
645 1807 803 1894 Exposuit
833 1807 929 1874 nobis
947 1807 1142 1874 venerabilis
1158 1807 1258 1873 irater
1273 1812 1409 1888 noster,
1431 1855 1439 1868 .
1461 1856 1468 1869 .
1589 1861 1591 1914 i

340 1919 519 2005 Episcopus
535 1915 778 2004 Traguricnsis,
811 1916 899 2000 quod
916 1935 989 1981 curn
1006 1917 1090 1982 inter
1122 1915 1204 1982 bone
1235 1915 1415 1982 memorie.
1436 1965 1444 1976 .
1464 1964 1470 1976 .
1588 1915 1591 2008 J

338 2027 586 2111 Traguriensem
605 2025 799 2111 Episcopum
818 2024 1080 2111 predecessorum
1097 2044 1189 2092 snum
1206 2043 1246 2090 ex
1263 2031 1358 2108 parte
1390 2043 1470 2106 una,
1589 2009 1591 2070 ³

340 2140 372 2200 et
388 2183 396 2199 .
414 2183 422 2199 .
440 2185 447 2199 .
465 2132 791 2218 Archipresbyterum
808 2137 841 2197 ct
857 2131 991 2200 clericos
1009 2132 1115 2198 Oastri
1132 2131 1173 2198 de
1199 2129 1356 2216 Sybinico
1389 2129 1472 2197 Dio
1589 2125 1591 2206 ξ

340 2243 424 2310 cesis
441 2241 665 2325 Traguriensis
684 2261 723 2306 ax
738 2243 850 2320 altera,
868 2260 965 2326 snper
983 2261 1033 2321 eo,
1050 2233 1207 2323 quodsibi
1218 2238 1470 2321 subjectionem,
1589 2223 1591 2340 l

339 2348 556 2415 obedientiam
576 2355 607 2414 et
622 2350 837 2416 reverentiam
854 2347 884 2414 ei
900 2347 1029 2415 debitas
1046 2348 1202 2415 exhibere
1232 2354 1346 2413 contre
1373 2347 1473 2436 justi·
1589 2343 1591 2374 ³

340 2457 417 2522 tiam
436 2455 649 2542 denegabant,
678 2463 709 2522 et
725 2457 765 2522 de
782 2456 916 2525 decimis
933 2477 972 2523 ac
988 2455 1064 2522 aliis
1076 2455 1205 2541 juribus
1221 2454 1471 2539 episcopalibus
1589 2469 1591 2544 ξ

340 2584 448 2631 coram
480 2565 659 2632 venerabili
691 2565 791 2632 tratre
820 2572 980 2633 nostro..
999 2623 1005 2633 .
1023 2563 1276 2648 Archiapiscopo
1307 2562 1469 2631 Jadrensi
1590 2569 1591 2580 *

338 2673 534 2740 auctoritate
550 2673 737 2756 Apostolica
753 2673 878 2758 questio
889 2679 1077 2759 verteretur,
1095 2672 1179 2738 idem
1192 2671 1475 2759 Archiepisoopus

338 2781 475 2864 cognitis
502 2781 621 2865 causis,
654 2781 776 2847 meritis
795 2789 827 2848 et
838 2781 967 2865 juribus
983 2781 1095 2848 ordine
1120 2781 1291 2849 observato
1323 2779 1475 2851 diffiniti-

338 2910 412 2955 vam
431 2907 488 2972 pro
505 2887 617 2954 eodem
637 2889 797 2982 Episcopo
815 2887 1010 2955 sententiam
1028 2888 1253 2974 promulgavit,
1279 2908 1379 2972 qnam
1398 2893 1475 2974 ipse

339 2997 527 3080 Apostolico
544 2996 636 3081 petiit
652 2997 829 3064 munimine
860 2997 1015 3064 roborari.
1049 2996 1190 3082 Ideoque
1207 2995 1398 3067 discretioni
1418 3006 1475 3065 tue

344 3125 400 3188 per
416 3103 602 3189 Apostolica
620 3105 740 3190 scripta
751 3105 953 3193 mandamus,
971 3112 1131 3190 quatenus
1142 3104 1338 3171 sententiam
1349 3103 1473 3192 ipsam,

342 3211 425 3279 sicut
441 3221 490 3278 est
499 3213 600 3296 justa,
617 3213 810 3279 anctoritate
826 3222 937 3280 nostra
954 3212 1056 3280 facias
1088 3213 1311 3298 appellatione
1343 3223 1473 3282 remota

342 3318 475 3385 firmiter
491 3319 664 3386 observari.
691 3321 810 3386 Datum
829 3319 959 3405 Anguis
976 3319 1049 3387 XII.
1068 3320 1228 3387 kalendas
1245 3319 1335 3405 Maii,
1356 3322 1473 3390 Ponti-

343 3428 454 3493 ticatus
471 3427 570 3492 nostri
586 3446 673 3492 anno
689 3435 792 3494 sexto.

549 3624 681 3687 (Parieti,
700 3625 847 3690 Illyricum
867 3625 982 3678 Sacrum
1001 3627 1049 3678 Ν.
1063 3627 1123 3678 lrbt.
1144 3629 1247 3692 347.1.)
