<?xml version="1.0" encoding="UTF-8"?>
<!DOCTYPE html PUBLIC "-//W3C//DTD XHTML 1.0 Transitional//EN"
    "http://www.w3.org/TR/xhtml1/DTD/xhtml1-transitional.dtd">
<html xmlns="http://www.w3.org/1999/xhtml" xml:lang="en" lang="en">
 <head>
  <title>
</title>
<meta http-equiv="Content-Type" content="text/html;charset=utf-8" />
  <meta name='ocr-system' content='tesseract 3.04.00' />
  <meta name='ocr-capabilities' content='ocr_page ocr_carea ocr_par ocr_line ocrx_word'/>
</head>
<body>
  <div class='ocr_page' id='page_1' title='image "./codexdiplomatic01wenzgoog_0199.png"; bbox 0 0 3160 5208; ppageno 0'>
   <div class='ocr_carea' id='block_1_1' title="bbox 477 365 637 462">
    <p class='ocr_par' dir='ltr' id='par_1_1' title="bbox 477 365 637 462">
     <span class='ocr_line' id='line_1_1' title="bbox 477 365 637 462; baseline 0 -32"><span class='ocrx_word' id='word_1_1' title='bbox 477 365 637 462; x_wconf 42' lang='lat' dir='ltr'><strong>juo-</strong></span> 
     </span>
    </p>
   </div>
   <div class='ocr_carea' id='block_1_2' title="bbox 14 545 1164 4704">
    <p class='ocr_par' dir='ltr' id='par_1_2' title="bbox 14 545 1164 962">
     <span class='ocr_line' id='line_1_2' title="bbox 14 545 1132 642; baseline -0.008 -11"><span class='ocrx_word' id='word_1_2' title='bbox 14 549 15 556; x_wconf 7' lang='grc' dir='ltr'>ἵ</span> <span class='ocrx_word' id='word_1_3' title='bbox 38 561 252 631; x_wconf 82' lang='lat' dir='ltr'><strong>elemosinarum</strong></span> <span class='ocrx_word' id='word_1_4' title='bbox 267 557 473 641; x_wconf 77' lang='lat' dir='ltr'><strong>largicionem</strong></span> <span class='ocrx_word' id='word_1_5' title='bbox 490 577 588 642; x_wconf 88' lang='lat' dir='ltr'><strong>posse</strong></span> <span class='ocrx_word' id='word_1_6' title='bbox 614 557 742 640; x_wconf 83' lang='lat' dir='ltr'><strong>penitus</strong></span> <span class='ocrx_word' id='word_1_7' title='bbox 769 556 948 640; x_wconf 88' lang='lat' dir='ltr'><strong>emundari,</strong></span> <span class='ocrx_word' id='word_1_8' title='bbox 980 567 1012 624; x_wconf 87' lang='lat' dir='ltr'><strong>et</strong></span> <span class='ocrx_word' id='word_1_9' title='bbox 1025 545 1029 554; x_wconf 73' lang='grc'><strong><em>’</em></strong></span> <span class='ocrx_word' id='word_1_10' title='bbox 1042 557 1132 624; x_wconf 67' lang='lat' dir='ltr'><strong>alibi‘</strong></span> 
     </span>
     <span class='ocr_line' id='line_1_3' title="bbox 36 662 1120 753; baseline -0.004 -17"><span class='ocrx_word' id='word_1_11' title='bbox 36 668 168 753; x_wconf 73' lang='lat' dir='ltr'><strong>scriptura</strong></span> <span class='ocrx_word' id='word_1_12' title='bbox 181 665 408 733; x_wconf 81' lang='lat' dir='ltr'><strong>mereenarium</strong></span> <span class='ocrx_word' id='word_1_13' title='bbox 425 665 586 747; x_wconf 79' lang='lat' dir='ltr'><strong>condigna</strong></span> <span class='ocrx_word' id='word_1_14' title='bbox 601 664 751 730; x_wconf 84' lang='lat' dir='ltr'><strong>meroede</strong></span> <span class='ocrx_word' id='word_1_15' title='bbox 768 662 902 753; x_wconf 81' lang='lat' dir='ltr'><strong>dignum</strong></span> <span class='ocrx_word' id='word_1_16' title='bbox 921 684 994 732; x_wconf 86' lang='lat' dir='ltr'><strong>esse</strong></span> <span class='ocrx_word' id='word_1_17' title='bbox 1018 669 1120 732; x_wconf 84' lang='lat' dir='ltr'><strong>mani-</strong></span> 
     </span>
     <span class='ocr_line' id='line_1_4' title="bbox 34 762 1164 857; baseline -0.003 -16"><span class='ocrx_word' id='word_1_18' title='bbox 34 777 112 841; x_wconf 80' lang='lat' dir='ltr'><strong>festat</strong></span> <span class='ocrx_word' id='word_1_19' title='bbox 125 799 132 839; x_wconf 80' lang='lat' dir='ltr'>z</span> <span class='ocrx_word' id='word_1_20' title='bbox 145 773 259 840; x_wconf 80' lang='lat' dir='ltr'><strong>ideireo</strong></span> <span class='ocrx_word' id='word_1_21' title='bbox 276 771 487 856; x_wconf 84' lang='lat' dir='ltr'><strong>gravissimas</strong></span> <span class='ocrx_word' id='word_1_22' title='bbox 504 778 537 836; x_wconf 87' lang='lat' dir='ltr'><strong>et</strong></span> <span class='ocrx_word' id='word_1_23' title='bbox 563 791 628 837; x_wconf 91' lang='lat' dir='ltr'><strong>nou</strong></span> <span class='ocrx_word' id='word_1_24' title='bbox 660 768 803 837; x_wconf 77' lang='lat' dir='ltr'><strong>modicas</strong></span> <span class='ocrx_word' id='word_1_25' title='bbox 836 791 1006 857; x_wconf 88' lang='lat' dir='ltr'><strong>expensas,</strong></span> <span class='ocrx_word' id='word_1_26' title='bbox 1038 791 1132 855; x_wconf 90' lang='lat' dir='ltr'><strong>quas·</strong></span> <span class='ocrx_word' id='word_1_27' title='bbox 1162 762 1164 770; x_wconf 63' lang='lat'>&#39;</span> 
     </span>
     <span class='ocr_line' id='line_1_5' title="bbox 34 877 1118 962; baseline -0.002 -15"><span class='ocrx_word' id='word_1_28' title='bbox 34 881 143 948; x_wconf 80' lang='lat' dir='ltr'><strong>dirutus</strong></span> <span class='ocrx_word' id='word_1_29' title='bbox 157 887 187 947; x_wconf 84' lang='lat' dir='ltr'><strong>ot</strong></span> <span class='ocrx_word' id='word_1_30' title='bbox 199 878 302 946; x_wconf 88' lang='lat' dir='ltr'><strong>fidelis</strong></span> <span class='ocrx_word' id='word_1_31' title='bbox 317 887 428 946; x_wconf 89' lang='lat' dir='ltr'><strong>noster</strong></span> <span class='ocrx_word' id='word_1_32' title='bbox 443 877 544 945; x_wconf 82' lang='lat' dir='ltr'><strong>irater</strong></span> <span class='ocrx_word' id='word_1_33' title='bbox 559 877 692 944; x_wconf 86' lang='lat' dir='ltr'><strong>Pontius</strong></span> <span class='ocrx_word' id='word_1_34' title='bbox 710 877 750 943; x_wconf 87' lang='lat' dir='ltr'><strong>de</strong></span> <span class='ocrx_word' id='word_1_35' title='bbox 767 877 866 960; x_wconf 77' lang='lat' dir='ltr'><strong>Gneo,</strong></span> <span class='ocrx_word' id='word_1_36' title='bbox 898 898 957 962; x_wconf 89' lang='lat' dir='ltr'><strong>per</strong></span> <span class='ocrx_word' id='word_1_37' title='bbox 987 877 1118 962; x_wconf 81' lang='lat' dir='ltr'><strong>Hungu-</strong></span> 
     </span>
    </p>

    <p class='ocr_par' dir='ltr' id='par_1_3' title="bbox 14 983 1119 1073">
     <span class='ocr_line' id='line_1_6' title="bbox 14 983 1119 1073; baseline 0.001 -21"><span class='ocrx_word' id='word_1_38' title='bbox 14 989 95 1054; x_wconf 83' lang='lat' dir='ltr'><strong>rian</strong></span> <span class='ocrx_word' id='word_1_39' title='bbox 110 995 136 1052; x_wconf 90' lang='lat' dir='ltr'><strong>et</strong></span> <span class='ocrx_word' id='word_1_40' title='bbox 149 985 349 1053; x_wconf 81' lang='lat' dir='ltr'><strong>Solavoniam</strong></span> <span class='ocrx_word' id='word_1_41' title='bbox 365 987 543 1052; x_wconf 88' lang='lat' dir='ltr'><strong>Domorum</strong></span> <span class='ocrx_word' id='word_1_42' title='bbox 568 983 689 1050; x_wconf 85' lang='lat' dir='ltr'><strong>Miliuie</strong></span> <span class='ocrx_word' id='word_1_43' title='bbox 719 984 848 1068; x_wconf 82' lang='lat' dir='ltr'>Templi</span> <span class='ocrx_word' id='word_1_44' title='bbox 881 985 1046 1073; x_wconf 75' lang='lat' dir='ltr'>Magister,</span> <span class='ocrx_word' id='word_1_45' title='bbox 1077 987 1119 1053; x_wconf 94' lang='lat' dir='ltr'><strong>ob</strong></span> 
     </span>
    </p>

    <p class='ocr_par' dir='ltr' id='par_1_4' title="bbox 14 1081 1119 1286">
     <span class='ocr_line' id='line_1_7' title="bbox 14 1081 1119 1177; baseline 0.005 -23"><span class='ocrx_word' id='word_1_46' title='bbox 14 1081 157 1161; x_wconf 64' lang='lat' dir='ltr'><strong>i&#39;louorem</strong></span> <span class='ocrx_word' id='word_1_47' title='bbox 170 1093 302 1177; x_wconf 82' lang='lat' dir='ltr'><strong>Regium</strong></span> <span class='ocrx_word' id='word_1_48' title='bbox 318 1093 486 1176; x_wconf 77' lang='lat' dir='ltr'><strong>nostrique</strong></span> <span class='ocrx_word' id='word_1_49' title='bbox 501 1091 645 1177; x_wconf 81' lang='lat' dir='ltr'><strong>corporis</strong></span> <span class='ocrx_word' id='word_1_50' title='bbox 673 1090 890 1175; x_wconf 72' lang='lat' dir='ltr'>securitatem,</span> <span class='ocrx_word' id='word_1_51' title='bbox 916 1098 986 1158; x_wconf 89' lang='lat' dir='ltr'><strong>tam</strong></span> <span class='ocrx_word' id='word_1_52' title='bbox 1011 1091 1119 1160; x_wconf 81' lang='lat' dir='ltr'><strong>eunio</strong></span> 
     </span>
     <span class='ocr_line' id='line_1_8' title="bbox 14 1193 1119 1286; baseline 0 -20"><span class='ocrx_word' id='word_1_53' title='bbox 14 1193 197 1286; x_wconf 42' lang='lat' dir='ltr'><strong>intremere,</strong></span> <span class='ocrx_word' id='word_1_54' title='bbox 214 1219 309 1283; x_wconf 89' lang='lat' dir='ltr'><strong>quam</strong></span> <span class='ocrx_word' id='word_1_55' title='bbox 325 1198 490 1265; x_wconf 90' lang='lat' dir='ltr'><strong>redeundo</strong></span> <span class='ocrx_word' id='word_1_56' title='bbox 520 1217 580 1282; x_wconf 88' lang='lat' dir='ltr'><strong>per</strong></span> <span class='ocrx_word' id='word_1_57' title='bbox 610 1196 773 1277; x_wconf 73' lang='lat' dir='ltr'><strong>(ironiam,</strong></span> <span class='ocrx_word' id='word_1_58' title='bbox 799 1197 840 1264; x_wconf 88' lang='lat' dir='ltr'><strong>de</strong></span> <span class='ocrx_word' id='word_1_59' title='bbox 872 1197 965 1264; x_wconf 86' lang='lat' dir='ltr'><strong>bonis</strong></span> <span class='ocrx_word' id='word_1_60' title='bbox 996 1198 1119 1266; x_wconf 89' lang='lat' dir='ltr'><strong>Domus</strong></span> 
     </span>
    </p>

    <p class='ocr_par' dir='ltr' id='par_1_5' title="bbox 14 1299 1116 1394">
     <span class='ocr_line' id='line_1_9' title="bbox 14 1299 1116 1394; baseline 0 -22"><span class='ocrx_word' id='word_1_61' title='bbox 14 1299 99 1394; x_wconf 72' lang='lat' dir='ltr'><strong>{lecit</strong></span> <span class='ocrx_word' id='word_1_62' title='bbox 112 1306 358 1392; x_wconf 78' lang='lat' dir='ltr'><strong>considerantes3</strong></span> <span class='ocrx_word' id='word_1_63' title='bbox 382 1327 440 1390; x_wconf 89' lang='lat' dir='ltr'><strong>per</strong></span> <span class='ocrx_word' id='word_1_64' title='bbox 466 1305 558 1371; x_wconf 87' lang='lat' dir='ltr'><strong>ouius</strong></span> <span class='ocrx_word' id='word_1_65' title='bbox 588 1304 758 1371; x_wconf 85' lang='lat' dir='ltr'><strong>eonsilium</strong></span> <span class='ocrx_word' id='word_1_66' title='bbox 791 1309 823 1370; x_wconf 88' lang='lat' dir='ltr'><strong>et</strong></span> <span class='ocrx_word' id='word_1_67' title='bbox 853 1303 1010 1370; x_wconf 87' lang='lat' dir='ltr'><strong>auxilium</strong></span> <span class='ocrx_word' id='word_1_68' title='bbox 1042 1314 1116 1390; x_wconf 85' lang='lat' dir='ltr'><strong>post</strong></span> 
     </span>
    </p>

    <p class='ocr_par' dir='ltr' id='par_1_6' title="bbox 14 1397 1137 4704">
     <span class='ocr_line' id='line_1_10' title="bbox 32 1412 1120 1500; baseline -0.002 -18.033"><span class='ocrx_word' id='word_1_69' title='bbox 14 1397 119 1498; x_wconf 73' lang='lat' dir='ltr'><strong>{ileum</strong></span> <span class='ocrx_word' id='word_1_70' title='bbox 133 1415 208 1482; x_wconf 77' lang='lat' dir='ltr'><strong>siem</strong></span> <span class='ocrx_word' id='word_1_71' title='bbox 223 1415 396 1500; x_wconf 78' lang='lat' dir='ltr'><strong>oredimus,</strong></span> <span class='ocrx_word' id='word_1_72' title='bbox 413 1413 456 1479; x_wconf 88' lang='lat' dir='ltr'><strong>ad</strong></span> <span class='ocrx_word' id='word_1_73' title='bbox 472 1412 605 1498; x_wconf 87' lang='lat' dir='ltr'><strong>propria</strong></span> <span class='ocrx_word' id='word_1_74' title='bbox 615 1413 840 1498; x_wconf 81' lang='lat' dir='ltr'><strong>remeavimus,</strong></span> <span class='ocrx_word' id='word_1_75' title='bbox 853 1413 982 1480; x_wconf 88' lang='lat' dir='ltr'><strong>labores</strong></span> <span class='ocrx_word' id='word_1_76' title='bbox 993 1432 1120 1497; x_wconf 84' lang='lat' dir='ltr'><strong>quoqne</strong></span> 
     </span>
     <span class='ocr_line' id='line_1_11' title="bbox 31 1519 1119 1609; baseline -0.001 -21"><span class='ocrx_word' id='word_1_77' title='bbox 31 1521 176 1609; x_wconf 79' lang='lat' dir='ltr'><strong>continuos,</strong></span> <span class='ocrx_word' id='word_1_78' title='bbox 192 1541 271 1604; x_wconf 86' lang='lat' dir='ltr'><strong>quos</strong></span> <span class='ocrx_word' id='word_1_79' title='bbox 286 1521 466 1605; x_wconf 87' lang='lat' dir='ltr'><strong>nobiseum,</strong></span> <span class='ocrx_word' id='word_1_80' title='bbox 485 1527 516 1585; x_wconf 87' lang='lat' dir='ltr'><strong>et</strong></span> <span class='ocrx_word' id='word_1_81' title='bbox 541 1526 677 1604; x_wconf 86' lang='lat' dir='ltr'><strong>propter</strong></span> <span class='ocrx_word' id='word_1_82' title='bbox 702 1519 781 1604; x_wconf 86' lang='lat' dir='ltr'><strong>Nos,</strong></span> <span class='ocrx_word' id='word_1_83' title='bbox 808 1519 1119 1602; x_wconf 84' lang='lat' dir='ltr'><strong>Sereuissimamque</strong></span> 
     </span>
     <span class='ocr_line' id='line_1_12' title="bbox 32 1625 1119 1711; baseline 0.002 -18"><span class='ocrx_word' id='word_1_84' title='bbox 32 1628 166 1711; x_wconf 83' lang='lat' dir='ltr'><strong>ooniugem</strong></span> <span class='ocrx_word' id='word_1_85' title='bbox 180 1635 322 1694; x_wconf 84' lang='lat' dir='ltr'><strong>nostram</strong></span> <span class='ocrx_word' id='word_1_86' title='bbox 338 1629 377 1692; x_wconf 90' lang='lat' dir='ltr'><strong>Y.</strong></span> <span class='ocrx_word' id='word_1_87' title='bbox 405 1626 563 1711; x_wconf 82' lang='lat' dir='ltr'><strong>Reginam</strong></span> <span class='ocrx_word' id='word_1_88' title='bbox 596 1625 762 1710; x_wconf 78' lang='lat' dir='ltr'>sustinuit,</span> <span class='ocrx_word' id='word_1_89' title='bbox 794 1647 851 1711; x_wconf 89' lang='lat' dir='ltr'><strong>pre</strong></span> <span class='ocrx_word' id='word_1_90' title='bbox 885 1627 986 1693; x_wconf 86' lang='lat' dir='ltr'><strong>oeulis</strong></span> <span class='ocrx_word' id='word_1_91' title='bbox 1016 1628 1119 1711; x_wconf 80' lang='lat' dir='ltr'><strong>Regia</strong></span> 
     </span>
     <span class='ocr_line' id='line_1_13' title="bbox 32 1732 1120 1818; baseline -0.002 -18"><span class='ocrx_word' id='word_1_92' title='bbox 32 1735 177 1801; x_wconf 84' lang='lat' dir='ltr'><strong>liriestutis</strong></span> <span class='ocrx_word' id='word_1_93' title='bbox 192 1735 359 1818; x_wconf 86' lang='lat' dir='ltr'><strong>habentes,</strong></span> <span class='ocrx_word' id='word_1_94' title='bbox 377 1742 409 1800; x_wconf 87' lang='lat' dir='ltr'><strong>et</strong></span> <span class='ocrx_word' id='word_1_95' title='bbox 424 1735 561 1818; x_wconf 87' lang='lat' dir='ltr'><strong>insuper</strong></span> <span class='ocrx_word' id='word_1_96' title='bbox 577 1733 620 1797; x_wconf 87' lang='lat' dir='ltr'><strong>ad</strong></span> <span class='ocrx_word' id='word_1_97' title='bbox 636 1732 829 1818; x_wconf 88' lang='lat' dir='ltr'><strong>petioionem</strong></span> <span class='ocrx_word' id='word_1_98' title='bbox 857 1733 959 1818; x_wconf 84' lang='lat' dir='ltr'><strong>ipsius</strong></span> <span class='ocrx_word' id='word_1_99' title='bbox 985 1733 1120 1815; x_wconf 84' lang='lat' dir='ltr'><strong>Regina,</strong></span> 
     </span>
     <span class='ocr_line' id='line_1_14' title="bbox 33 1840 1120 1928; baseline -0.004 -22"><span class='ocrx_word' id='word_1_100' title='bbox 33 1861 138 1908; x_wconf 81' lang='lat' dir='ltr'><strong>resnou</strong></span> <span class='ocrx_word' id='word_1_101' title='bbox 153 1863 206 1927; x_wconf 89' lang='lat' dir='ltr'><strong>pro</strong></span> <span class='ocrx_word' id='word_1_102' title='bbox 222 1843 330 1910; x_wconf 87' lang='lat' dir='ltr'><strong>salute</strong></span> <span class='ocrx_word' id='word_1_103' title='bbox 345 1852 412 1908; x_wconf 82' lang='lat' dir='ltr'><strong>tam</strong></span> <span class='ocrx_word' id='word_1_104' title='bbox 430 1859 598 1925; x_wconf 76' lang='lat' dir='ltr'><strong>corporum</strong></span> <span class='ocrx_word' id='word_1_105' title='bbox 615 1859 712 1924; x_wconf 91' lang='lat' dir='ltr'><strong>quam</strong></span> <span class='ocrx_word' id='word_1_106' title='bbox 731 1840 913 1905; x_wconf 76' lang='lat' dir='ltr'><strong>animarum</strong></span> <span class='ocrx_word' id='word_1_107' title='bbox 926 1845 1120 1928; x_wconf 83' lang='lat' dir='ltr'><strong>nostrarum,</strong></span> 
     </span>
     <span class='ocr_line' id='line_1_15' title="bbox 34 1946 1118 2032; baseline 0 -20"><span class='ocrx_word' id='word_1_108' title='bbox 34 1955 123 2014; x_wconf 83' lang='lat' dir='ltr'><strong>terrum</strong></span> <span class='ocrx_word' id='word_1_109' title='bbox 138 1948 296 2030; x_wconf 85' lang='lat' dir='ltr'><strong>quandam</strong></span> <span class='ocrx_word' id='word_1_110' title='bbox 314 1951 348 2016; x_wconf 93' lang='lat' dir='ltr'><strong>iu</strong></span> <span class='ocrx_word' id='word_1_111' title='bbox 365 1949 516 2028; x_wconf 80' lang='lat' dir='ltr'><strong>Croaoia,</strong></span> <span class='ocrx_word' id='word_1_112' title='bbox 532 1954 620 2013; x_wconf 90' lang='lat' dir='ltr'><strong>terre</strong></span> <span class='ocrx_word' id='word_1_113' title='bbox 636 1946 744 2012; x_wconf 82' lang='lat' dir='ltr'><strong>antri</strong></span> <span class='ocrx_word' id='word_1_114' title='bbox 762 1947 803 2012; x_wconf 89' lang='lat' dir='ltr'><strong>de</strong></span> <span class='ocrx_word' id='word_1_115' title='bbox 820 1946 908 2032; x_wconf 84' lang='lat' dir='ltr'><strong>Sten,</strong></span> <span class='ocrx_word' id='word_1_116' title='bbox 927 1957 959 2012; x_wconf 87' lang='lat' dir='ltr'><strong>et</strong></span> <span class='ocrx_word' id='word_1_117' title='bbox 976 1955 1059 2011; x_wconf 88' lang='lat' dir='ltr'><strong>terre</strong></span> <span class='ocrx_word' id='word_1_118' title='bbox 1076 1946 1118 2012; x_wconf 88' lang='lat' dir='ltr'><strong>de</strong></span> 
     </span>
     <span class='ocr_line' id='line_1_16' title="bbox 34 2050 1120 2140; baseline -0.002 -21"><span class='ocrx_word' id='word_1_119' title='bbox 34 2053 135 2122; x_wconf 85' lang='lat' dir='ltr'><strong>llodruz</strong></span> <span class='ocrx_word' id='word_1_120' title='bbox 151 2064 181 2122; x_wconf 88' lang='lat' dir='ltr'><strong>et</strong></span> <span class='ocrx_word' id='word_1_121' title='bbox 195 2056 236 2122; x_wconf 87' lang='lat' dir='ltr'><strong>de</strong></span> <span class='ocrx_word' id='word_1_122' title='bbox 250 2055 382 2122; x_wconf 82' lang='lat' dir='ltr'><strong>Bonane</strong></span> <span class='ocrx_word' id='word_1_123' title='bbox 398 2056 595 2140; x_wconf 76' lang='lat' dir='ltr'><strong>contiguam,</strong></span> <span class='ocrx_word' id='word_1_124' title='bbox 620 2050 736 2118; x_wconf 79' lang='lat' dir='ltr'><strong>Guzlre</strong></span> <span class='ocrx_word' id='word_1_125' title='bbox 752 2053 890 2139; x_wconf 88' lang='lat' dir='ltr'><strong>nomine,</strong></span> <span class='ocrx_word' id='word_1_126' title='bbox 923 2071 992 2118; x_wconf 90' lang='lat' dir='ltr'><strong>oum</strong></span> <span class='ocrx_word' id='word_1_127' title='bbox 1019 2053 1120 2119; x_wconf 91' lang='lat' dir='ltr'><strong>omni·</strong></span> 
     </span>
     <span class='ocr_line' id='line_1_17' title="bbox 36 2159 1118 2247; baseline 0.001 -22"><span class='ocrx_word' id='word_1_128' title='bbox 36 2159 78 2226; x_wconf 88' lang='lat' dir='ltr'><strong>lus</strong></span> <span class='ocrx_word' id='word_1_129' title='bbox 89 2163 285 2247; x_wconf 84' lang='lat' dir='ltr'><strong>pertiuenuijs</strong></span> <span class='ocrx_word' id='word_1_130' title='bbox 302 2163 370 2229; x_wconf 87' lang='lat' dir='ltr'><strong>suis</strong></span> <span class='ocrx_word' id='word_1_131' title='bbox 387 2161 589 2243; x_wconf 83' lang='lat' dir='ltr'><strong>integraliter</strong></span> <span class='ocrx_word' id='word_1_132' title='bbox 608 2167 639 2225; x_wconf 88' lang='lat' dir='ltr'><strong>et</strong></span> <span class='ocrx_word' id='word_1_133' title='bbox 654 2162 777 2244; x_wconf 87' lang='lat' dir='ltr'><strong>absque</strong></span> <span class='ocrx_word' id='word_1_134' title='bbox 794 2159 864 2226; x_wconf 90' lang='lat' dir='ltr'><strong>ulla</strong></span> <span class='ocrx_word' id='word_1_135' title='bbox 889 2159 1118 2244; x_wconf 88' lang='lat' dir='ltr'><strong>diminuoione,</strong></span> 
     </span>
     <span class='ocr_line' id='line_1_18' title="bbox 37 2267 1119 2355; baseline 0.001 -21"><span class='ocrx_word' id='word_1_136' title='bbox 37 2269 386 2354; x_wconf 84' lang='lat' dir='ltr'><strong>inremmpensaoionem</strong></span> <span class='ocrx_word' id='word_1_137' title='bbox 403 2288 618 2355; x_wconf 86' lang='lat' dir='ltr'><strong>expensarum</strong></span> <span class='ocrx_word' id='word_1_138' title='bbox 647 2275 678 2334; x_wconf 88' lang='lat' dir='ltr'><strong>et</strong></span> <span class='ocrx_word' id='word_1_139' title='bbox 710 2267 868 2351; x_wconf 86' lang='lat' dir='ltr'><strong>laborum,</strong></span> <span class='ocrx_word' id='word_1_140' title='bbox 902 2289 982 2351; x_wconf 87' lang='lat' dir='ltr'><strong>quos</strong></span> <span class='ocrx_word' id='word_1_141' title='bbox 1015 2267 1119 2335; x_wconf 86' lang='lat' dir='ltr'><strong>dietus</strong></span> 
     </span>
     <span class='ocr_line' id='line_1_19' title="bbox 38 2372 1121 2460; baseline 0.001 -22"><span class='ocrx_word' id='word_1_142' title='bbox 38 2375 157 2458; x_wconf 84' lang='lat' dir='ltr'><strong>llagister</strong></span> <span class='ocrx_word' id='word_1_143' title='bbox 171 2377 270 2442; x_wconf 86' lang='lat' dir='ltr'><strong>frater</strong></span> <span class='ocrx_word' id='word_1_144' title='bbox 286 2376 422 2442; x_wconf 88' lang='lat' dir='ltr'><strong>Pontius</strong></span> <span class='ocrx_word' id='word_1_145' title='bbox 440 2377 479 2441; x_wconf 91' lang='lat' dir='ltr'><strong>de</strong></span> <span class='ocrx_word' id='word_1_146' title='bbox 498 2374 587 2441; x_wconf 83' lang='lat' dir='ltr'><strong>Gneo</strong></span> <span class='ocrx_word' id='word_1_147' title='bbox 604 2381 735 2460; x_wconf 89' lang='lat' dir='ltr'><strong>propter</strong></span> <span class='ocrx_word' id='word_1_148' title='bbox 751 2393 810 2440; x_wconf 85' lang='lat' dir='ltr'><strong>noo</strong></span> <span class='ocrx_word' id='word_1_149' title='bbox 826 2382 858 2438; x_wconf 90' lang='lat' dir='ltr'><strong>et</strong></span> <span class='ocrx_word' id='word_1_150' title='bbox 874 2372 1036 2440; x_wconf 86' lang='lat' dir='ltr'><strong>domiuum</strong></span> <span class='ocrx_word' id='word_1_151' title='bbox 1063 2377 1121 2440; x_wconf 87' lang='lat' dir='ltr'><strong>Re·</strong></span> 
     </span>
     <span class='ocr_line' id='line_1_20' title="bbox 37 2480 1137 2576; baseline 0.005 -32"><span class='ocrx_word' id='word_1_152' title='bbox 37 2481 125 2562; x_wconf 69' lang='lat' dir='ltr'><strong>prum,</strong></span> <span class='ocrx_word' id='word_1_153' title='bbox 139 2483 216 2549; x_wconf 85' lang='lat' dir='ltr'><strong>siout</strong></span> <span class='ocrx_word' id='word_1_154' title='bbox 231 2483 446 2570; x_wconf 82' lang='lat' dir='ltr'><strong>prediximus,</strong></span> <span class='ocrx_word' id='word_1_155' title='bbox 464 2481 626 2565; x_wconf 89' lang='lat' dir='ltr'><strong>sustinuit,</strong></span> <span class='ocrx_word' id='word_1_156' title='bbox 643 2481 742 2547; x_wconf 85' lang='lat' dir='ltr'><strong>Saore</strong></span> <span class='ocrx_word' id='word_1_157' title='bbox 769 2480 889 2548; x_wconf 87' lang='lat' dir='ltr'><strong>Milioie</strong></span> <span class='ocrx_word' id='word_1_158' title='bbox 912 2483 1042 2566; x_wconf 80' lang='lat' dir='ltr'><strong>Templi</strong></span> <span class='ocrx_word' id='word_1_159' title='bbox 1074 2485 1137 2576; x_wconf 39' lang='lat' dir='ltr'><strong>ita·</strong></span> 
     </span>
     <span class='ocr_line' id='line_1_21' title="bbox 37 2586 1120 2674; baseline 0.003 -22"><span class='ocrx_word' id='word_1_160' title='bbox 37 2586 118 2672; x_wconf 89' lang='lat' dir='ltr'><strong>libere,</strong></span> <span class='ocrx_word' id='word_1_161' title='bbox 133 2591 209 2655; x_wconf 85' lang='lat' dir='ltr'><strong>siout</strong></span> <span class='ocrx_word' id='word_1_162' title='bbox 225 2599 353 2657; x_wconf 81' lang='lat' dir='ltr'><strong>eeteros</strong></span> <span class='ocrx_word' id='word_1_163' title='bbox 370 2588 598 2673; x_wconf 88' lang='lat' dir='ltr'><strong>helemosinas,</strong></span> <span class='ocrx_word' id='word_1_164' title='bbox 615 2607 698 2670; x_wconf 88' lang='lat' dir='ltr'><strong>quas</strong></span> <span class='ocrx_word' id='word_1_165' title='bbox 714 2587 748 2652; x_wconf 93' lang='lat' dir='ltr'><strong>in</strong></span> <span class='ocrx_word' id='word_1_166' title='bbox 762 2587 875 2669; x_wconf 87' lang='lat' dir='ltr'><strong>Regno</strong></span> <span class='ocrx_word' id='word_1_167' title='bbox 891 2598 1001 2655; x_wconf 88' lang='lat' dir='ltr'><strong>nostro</strong></span> <span class='ocrx_word' id='word_1_168' title='bbox 1018 2592 1120 2674; x_wconf 87' lang='lat' dir='ltr'><strong>possi-</strong></span> 
     </span>
     <span class='ocr_line' id='line_1_22' title="bbox 26 2692 1119 2782; baseline 0.004 -24"><span class='ocrx_word' id='word_1_169' title='bbox 26 2692 95 2778; x_wconf 54' lang='lat' dir='ltr'><strong>,ieut</strong></span> <span class='ocrx_word' id='word_1_170' title='bbox 110 2699 247 2764; x_wconf 84' lang='lat' dir='ltr'><strong>obstante</strong></span> <span class='ocrx_word' id='word_1_171' title='bbox 263 2698 358 2762; x_wconf 88' lang='lat' dir='ltr'><strong>nullo</strong></span> <span class='ocrx_word' id='word_1_172' title='bbox 374 2697 548 2782; x_wconf 82' lang='lat' dir='ltr'><strong>priuilegio</strong></span> <span class='ocrx_word' id='word_1_173' title='bbox 565 2715 665 2780; x_wconf 87' lang='lat' dir='ltr'><strong>super</strong></span> <span class='ocrx_word' id='word_1_174' title='bbox 680 2694 826 2779; x_wconf 80' lang='lat' dir='ltr'><strong>predicta</strong></span> <span class='ocrx_word' id='word_1_175' title='bbox 843 2705 929 2762; x_wconf 85' lang='lat' dir='ltr'><strong>terra</strong></span> <span class='ocrx_word' id='word_1_176' title='bbox 946 2696 1034 2781; x_wconf 88' lang='lat' dir='ltr'><strong>prius</strong></span> <span class='ocrx_word' id='word_1_177' title='bbox 1068 2696 1119 2762; x_wconf 85' lang='lat' dir='ltr'><strong>uel</strong></span> 
     </span>
     <span class='ocr_line' id='line_1_23' title="bbox 35 2802 1121 2886; baseline 0.003 -20"><span class='ocrx_word' id='word_1_178' title='bbox 35 2805 160 2884; x_wconf 72' lang='lat' dir='ltr'><strong>poterim</strong></span> <span class='ocrx_word' id='word_1_179' title='bbox 173 2804 312 2871; x_wconf 83' lang='lat' dir='ltr'><strong>forsitan</strong></span> <span class='ocrx_word' id='word_1_180' title='bbox 328 2805 510 2886; x_wconf 87' lang='lat' dir='ltr'><strong>impetrato,</strong></span> <span class='ocrx_word' id='word_1_181' title='bbox 528 2802 596 2866; x_wconf 89' lang='lat' dir='ltr'><strong>iure</strong></span> <span class='ocrx_word' id='word_1_182' title='bbox 613 2809 766 2885; x_wconf 89' lang='lat' dir='ltr'><strong>perpetuo</strong></span> <span class='ocrx_word' id='word_1_183' title='bbox 792 2803 986 2869; x_wconf 79' lang='lat' dir='ltr'><strong>contulimus</strong></span> <span class='ocrx_word' id='word_1_184' title='bbox 1019 2805 1121 2886; x_wconf 88' lang='lat' dir='ltr'><strong>possi·</strong></span> 
     </span>
     <span class='ocr_line' id='line_1_24' title="bbox 37 2905 1122 2994; baseline 0.007 -25"><span class='ocrx_word' id='word_1_185' title='bbox 37 2905 160 2992; x_wconf 79' lang='lat' dir='ltr'><strong>ioniam,</strong></span> <span class='ocrx_word' id='word_1_186' title='bbox 182 2911 340 2978; x_wconf 82' lang='lat' dir='ltr'><strong>videlieet</strong></span> <span class='ocrx_word' id='word_1_187' title='bbox 357 2909 443 2994; x_wconf 89' lang='lat' dir='ltr'><strong>quod</strong></span> <span class='ocrx_word' id='word_1_188' title='bbox 460 2907 569 2974; x_wconf 86' lang='lat' dir='ltr'><strong>nullus</strong></span> <span class='ocrx_word' id='word_1_189' title='bbox 587 2908 708 2992; x_wconf 87' lang='lat' dir='ltr'><strong>Banus,</strong></span> <span class='ocrx_word' id='word_1_190' title='bbox 735 2907 845 2975; x_wconf 83' lang='lat' dir='ltr'><strong>nullus</strong></span> <span class='ocrx_word' id='word_1_191' title='bbox 861 2908 985 2994; x_wconf 82' lang='lat' dir='ltr'><strong>Comes,</strong></span> <span class='ocrx_word' id='word_1_192' title='bbox 1012 2911 1122 2977; x_wconf 86' lang='lat' dir='ltr'><strong>nullus</strong></span> 
     </span>
     <span class='ocr_line' id='line_1_25' title="bbox 37 3011 1121 3101; baseline 0.006 -25"><span class='ocrx_word' id='word_1_193' title='bbox 37 3011 230 3101; x_wconf 68' lang='lat' dir='ltr'><strong>lanuarias</strong></span> <span class='ocrx_word' id='word_1_194' title='bbox 249 3017 391 3100; x_wconf 87' lang='lat' dir='ltr'><strong>quilibet</strong></span> <span class='ocrx_word' id='word_1_195' title='bbox 407 3016 503 3100; x_wconf 89' lang='lat' dir='ltr'><strong>alius,</strong></span> <span class='ocrx_word' id='word_1_196' title='bbox 520 3033 616 3098; x_wconf 88' lang='lat' dir='ltr'><strong>super</strong></span> <span class='ocrx_word' id='word_1_197' title='bbox 634 3014 787 3098; x_wconf 88' lang='lat' dir='ltr'><strong>populum</strong></span> <span class='ocrx_word' id='word_1_198' title='bbox 805 3016 839 3079; x_wconf 93' lang='lat' dir='ltr'><strong>in</strong></span> <span class='ocrx_word' id='word_1_199' title='bbox 856 3016 1005 3098; x_wconf 82' lang='lat' dir='ltr'><strong>prediola</strong></span> <span class='ocrx_word' id='word_1_200' title='bbox 1032 3023 1121 3082; x_wconf 88' lang='lat' dir='ltr'><strong>terra</strong></span> 
     </span>
     <span class='ocr_line' id='line_1_26' title="bbox 37 3121 1122 3209; baseline 0.009 -28"><span class='ocrx_word' id='word_1_201' title='bbox 37 3131 254 3207; x_wconf 81' lang='lat' dir='ltr'><strong>mumurantem,</strong></span> <span class='ocrx_word' id='word_1_202' title='bbox 271 3123 396 3204; x_wconf 87' lang='lat' dir='ltr'><strong>absque</strong></span> <span class='ocrx_word' id='word_1_203' title='bbox 412 3122 555 3187; x_wconf 89' lang='lat' dir='ltr'><strong>lioenuia</strong></span> <span class='ocrx_word' id='word_1_204' title='bbox 572 3127 603 3186; x_wconf 88' lang='lat' dir='ltr'><strong>et</strong></span> <span class='ocrx_word' id='word_1_205' title='bbox 622 3121 789 3186; x_wconf 87' lang='lat' dir='ltr'><strong>voluntate</strong></span> <span class='ocrx_word' id='word_1_206' title='bbox 821 3121 958 3189; x_wconf 80' lang='lat' dir='ltr'><strong>fratrum</strong></span> <span class='ocrx_word' id='word_1_207' title='bbox 992 3123 1122 3209; x_wconf 81' lang='lat' dir='ltr'><strong>Templi</strong></span> 
     </span>
     <span class='ocr_line' id='line_1_27' title="bbox 37 3229 1121 3316; baseline 0.006 -24"><span class='ocrx_word' id='word_1_208' title='bbox 37 3237 161 3308; x_wconf 83' lang='lat' dir='ltr'><strong>presumat</strong></span> <span class='ocrx_word' id='word_1_209' title='bbox 176 3229 386 3316; x_wconf 84' lang='lat' dir='ltr'><strong>descendere,</strong></span> <span class='ocrx_word' id='word_1_210' title='bbox 405 3229 457 3294; x_wconf 92' lang='lat' dir='ltr'><strong>uel</strong></span> <span class='ocrx_word' id='word_1_211' title='bbox 473 3229 579 3312; x_wconf 87' lang='lat' dir='ltr'><strong>ipsum</strong></span> <span class='ocrx_word' id='word_1_212' title='bbox 596 3247 695 3313; x_wconf 84' lang='lat' dir='ltr'><strong>super</strong></span> <span class='ocrx_word' id='word_1_213' title='bbox 711 3230 886 3295; x_wconf 86' lang='lat' dir='ltr'><strong>exaooione</strong></span> <span class='ocrx_word' id='word_1_214' title='bbox 904 3229 1041 3296; x_wconf 85' lang='lat' dir='ltr'><strong>alieuius</strong></span> <span class='ocrx_word' id='word_1_215' title='bbox 1058 3232 1121 3298; x_wconf 88' lang='lat' dir='ltr'><strong>ool·</strong></span> 
     </span>
     <span class='ocr_line' id='line_1_28' title="bbox 36 3329 1122 3422; baseline 0.009 -28"><span class='ocrx_word' id='word_1_216' title='bbox 36 3329 92 3396; x_wconf 82' lang='lat' dir='ltr'><strong>lueto</strong></span> <span class='ocrx_word' id='word_1_217' title='bbox 104 3355 173 3402; x_wconf 85' lang='lat' dir='ltr'><strong>oasu</strong></span> <span class='ocrx_word' id='word_1_218' title='bbox 188 3336 335 3418; x_wconf 91' lang='lat' dir='ltr'><strong>quolibet</strong></span> <span class='ocrx_word' id='word_1_219' title='bbox 351 3336 537 3401; x_wconf 83' lang='lat' dir='ltr'><strong>molestare.</strong></span> <span class='ocrx_word' id='word_1_220' title='bbox 576 3333 617 3399; x_wconf 82' lang='lat' dir='ltr'><strong>Et</strong></span> <span class='ocrx_word' id='word_1_221' title='bbox 634 3335 667 3398; x_wconf 93' lang='lat' dir='ltr'><strong>in</strong></span> <span class='ocrx_word' id='word_1_222' title='bbox 684 3337 925 3418; x_wconf 86' lang='lat' dir='ltr'><strong>possessionem</strong></span> <span class='ocrx_word' id='word_1_223' title='bbox 943 3343 1027 3402; x_wconf 88' lang='lat' dir='ltr'><strong>terre</strong></span> <span class='ocrx_word' id='word_1_224' title='bbox 1053 3357 1122 3422; x_wconf 88' lang='lat' dir='ltr'><strong>pre-</strong></span> 
     </span>
     <span class='ocr_line' id='line_1_29' title="bbox 37 3435 1121 3524; baseline 0.009 -24"><span class='ocrx_word' id='word_1_225' title='bbox 37 3435 82 3503; x_wconf 82' lang='lat' dir='ltr'><strong>tate</strong></span> <span class='ocrx_word' id='word_1_226' title='bbox 93 3438 196 3508; x_wconf 84' lang='lat' dir='ltr'><strong>iratres</strong></span> <span class='ocrx_word' id='word_1_227' title='bbox 212 3443 337 3510; x_wconf 93' lang='lat' dir='ltr'><strong>Domus</strong></span> <span class='ocrx_word' id='word_1_228' title='bbox 353 3440 483 3524; x_wconf 71' lang='lat' dir='ltr'><strong>&#39;l&#39;empli</strong></span> <span class='ocrx_word' id='word_1_229' title='bbox 501 3459 558 3523; x_wconf 89' lang='lat' dir='ltr'><strong>per</strong></span> <span class='ocrx_word' id='word_1_230' title='bbox 575 3435 702 3504; x_wconf 85' lang='lat' dir='ltr'><strong>fidelem</strong></span> <span class='ocrx_word' id='word_1_231' title='bbox 729 3441 950 3524; x_wconf 81' lang='lat' dir='ltr'><strong>yobagiouem</strong></span> <span class='ocrx_word' id='word_1_232' title='bbox 975 3452 1121 3511; x_wconf 85' lang='lat' dir='ltr'><strong>nostrum</strong></span> 
     </span>
     <span class='ocr_line' id='line_1_30' title="bbox 37 3541 1122 3634; baseline 0.006 -24"><span class='ocrx_word' id='word_1_233' title='bbox 37 3541 224 3616; x_wconf 82' lang='lat' dir='ltr'><strong>Dolomerium</strong></span> <span class='ocrx_word' id='word_1_234' title='bbox 243 3548 401 3614; x_wconf 78' lang='lat' dir='ltr'><strong>Comitem</strong></span> <span class='ocrx_word' id='word_1_235' title='bbox 418 3546 555 3612; x_wconf 84' lang='lat' dir='ltr'><strong>ieeimua</strong></span> <span class='ocrx_word' id='word_1_236' title='bbox 571 3545 740 3611; x_wconf 76' lang='lat' dir='ltr'><strong>introduci.</strong></span> <span class='ocrx_word' id='word_1_237' title='bbox 782 3547 879 3614; x_wconf 85' lang='lat' dir='ltr'><strong>Cuius</strong></span> <span class='ocrx_word' id='word_1_238' title='bbox 906 3555 992 3615; x_wconf 87' lang='lat' dir='ltr'><strong>terro</strong></span> <span class='ocrx_word' id='word_1_239' title='bbox 1018 3551 1122 3634; x_wconf 86' lang='lat' dir='ltr'><strong>prima</strong></span> 
     </span>
     <span class='ocr_line' id='line_1_31' title="bbox 38 3653 1121 3740; baseline 0.011 -27"><span class='ocrx_word' id='word_1_240' title='bbox 38 3659 97 3717; x_wconf 81' lang='lat' dir='ltr'><strong>netu</strong></span> <span class='ocrx_word' id='word_1_241' title='bbox 109 3653 212 3740; x_wconf 80' lang='lat' dir='ltr'><strong>incipit</strong></span> <span class='ocrx_word' id='word_1_242' title='bbox 227 3655 322 3721; x_wconf 87' lang='lat' dir='ltr'><strong>iuxta</strong></span> <span class='ocrx_word' id='word_1_243' title='bbox 338 3654 476 3721; x_wconf 86' lang='lat' dir='ltr'><strong>rivulum</strong></span> <span class='ocrx_word' id='word_1_244' title='bbox 492 3654 546 3734; x_wconf 92' lang='lat' dir='ltr'><strong>qui</strong></span> <span class='ocrx_word' id='word_1_245' title='bbox 564 3661 701 3719; x_wconf 77' lang='lat' dir='ltr'><strong>vocatur</strong></span> <span class='ocrx_word' id='word_1_246' title='bbox 718 3653 927 3738; x_wconf 80' lang='lat' dir='ltr'><strong>Gernowize;</strong></span> <span class='ocrx_word' id='word_1_247' title='bbox 944 3656 1020 3724; x_wconf 87' lang='lat' dir='ltr'><strong>inde</strong></span> <span class='ocrx_word' id='word_1_248' title='bbox 1032 3658 1121 3725; x_wconf 85' lang='lat' dir='ltr'><strong>vadit</strong></span> 
     </span>
     <span class='ocr_line' id='line_1_32' title="bbox 38 3759 1122 3848; baseline 0.009 -25"><span class='ocrx_word' id='word_1_249' title='bbox 38 3773 119 3827; x_wconf 79' lang='lat' dir='ltr'><strong>renus</strong></span> <span class='ocrx_word' id='word_1_250' title='bbox 133 3764 293 3831; x_wconf 86' lang='lat' dir='ltr'><strong>meridiem</strong></span> <span class='ocrx_word' id='word_1_251' title='bbox 309 3763 353 3830; x_wconf 87' lang='lat' dir='ltr'><strong>ad</strong></span> <span class='ocrx_word' id='word_1_252' title='bbox 368 3762 474 3829; x_wconf 87' lang='lat' dir='ltr'><strong>looum</strong></span> <span class='ocrx_word' id='word_1_253' title='bbox 492 3762 547 3844; x_wconf 87' lang='lat' dir='ltr'><strong>qui</strong></span> <span class='ocrx_word' id='word_1_254' title='bbox 579 3759 696 3826; x_wconf 82' lang='lat' dir='ltr'><strong>dieitur</strong></span> <span class='ocrx_word' id='word_1_255' title='bbox 729 3761 889 3846; x_wconf 75' lang='lat' dir='ltr'><strong>Oedslou5</strong></span> <span class='ocrx_word' id='word_1_256' title='bbox 913 3763 990 3829; x_wconf 87' lang='lat' dir='ltr'><strong>inde</strong></span> <span class='ocrx_word' id='word_1_257' title='bbox 1021 3785 1122 3848; x_wconf 86' lang='lat' dir='ltr'><strong>usque</strong></span> 
     </span>
     <span class='ocr_line' id='line_1_33' title="bbox 39 3859 1122 3954; baseline 0.008 -24"><span class='ocrx_word' id='word_1_258' title='bbox 39 3859 131 3954; x_wconf 78' lang='lat' dir='ltr'><strong>lau,</strong></span> <span class='ocrx_word' id='word_1_259' title='bbox 147 3869 198 3935; x_wconf 91' lang='lat' dir='ltr'><strong>ubi</strong></span> <span class='ocrx_word' id='word_1_260' title='bbox 214 3878 262 3938; x_wconf 88' lang='lat' dir='ltr'><strong>est</strong></span> <span class='ocrx_word' id='word_1_261' title='bbox 278 3870 382 3936; x_wconf 81' lang='lat' dir='ltr'><strong>tercia</strong></span> <span class='ocrx_word' id='word_1_262' title='bbox 397 3875 501 3951; x_wconf 80' lang='lat' dir='ltr'><strong>meta3</strong></span> <span class='ocrx_word' id='word_1_263' title='bbox 528 3868 602 3933; x_wconf 88' lang='lat' dir='ltr'><strong>hino</strong></span> <span class='ocrx_word' id='word_1_264' title='bbox 629 3887 705 3934; x_wconf 87' lang='lat' dir='ltr'><strong>roro</strong></span> <span class='ocrx_word' id='word_1_265' title='bbox 732 3869 836 3934; x_wconf 89' lang='lat' dir='ltr'><strong>tendit</strong></span> <span class='ocrx_word' id='word_1_266' title='bbox 868 3890 980 3937; x_wconf 88' lang='lat' dir='ltr'><strong>versus</strong></span> <span class='ocrx_word' id='word_1_267' title='bbox 1011 3873 1122 3939; x_wconf 89' lang='lat' dir='ltr'><strong>Busan</strong></span> 
     </span>
     <span class='ocr_line' id='line_1_34' title="bbox 40 3974 1121 4068; baseline 0.012 -35"><span class='ocrx_word' id='word_1_268' title='bbox 40 3985 112 4054; x_wconf 84' lang='lat' dir='ltr'><strong>osque</strong></span> <span class='ocrx_word' id='word_1_269' title='bbox 125 3977 218 4044; x_wconf 84' lang='lat' dir='ltr'><strong>Bame</strong></span> <span class='ocrx_word' id='word_1_270' title='bbox 234 3977 419 4064; x_wconf 84' lang='lat' dir='ltr'><strong>Camerino,</strong></span> <span class='ocrx_word' id='word_1_271' title='bbox 436 3997 499 4061; x_wconf 92' lang='lat' dir='ltr'><strong>que</strong></span> <span class='ocrx_word' id='word_1_272' title='bbox 515 3983 565 4042; x_wconf 88' lang='lat' dir='ltr'><strong>est</strong></span> <span class='ocrx_word' id='word_1_273' title='bbox 583 3974 701 4042; x_wconf 89' lang='lat' dir='ltr'><strong>diuisio</strong></span> <span class='ocrx_word' id='word_1_274' title='bbox 718 3975 801 4042; x_wconf 89' lang='lat' dir='ltr'><strong>inter</strong></span> <span class='ocrx_word' id='word_1_275' title='bbox 816 3977 927 4044; x_wconf 82' lang='lat' dir='ltr'><strong>Busan</strong></span> <span class='ocrx_word' id='word_1_276' title='bbox 939 3986 971 4044; x_wconf 88' lang='lat' dir='ltr'><strong>et</strong></span> <span class='ocrx_word' id='word_1_277' title='bbox 981 3979 1121 4068; x_wconf 86' lang='lat' dir='ltr'><strong>Gueshe,</strong></span> 
     </span>
     <span class='ocr_line' id='line_1_35' title="bbox 39 4075 1123 4170; baseline 0.011 -32"><span class='ocrx_word' id='word_1_278' title='bbox 39 4075 75 4140; x_wconf 90' lang='lat' dir='ltr'><strong>ubi</strong></span> <span class='ocrx_word' id='word_1_279' title='bbox 86 4081 158 4167; x_wconf 85' lang='lat' dir='ltr'><strong>lapis</strong></span> <span class='ocrx_word' id='word_1_280' title='bbox 174 4089 220 4152; x_wconf 86' lang='lat' dir='ltr'><strong>est</strong></span> <span class='ocrx_word' id='word_1_281' title='bbox 235 4086 330 4169; x_wconf 87' lang='lat' dir='ltr'><strong>fixus,</strong></span> <span class='ocrx_word' id='word_1_282' title='bbox 346 4084 456 4168; x_wconf 81' lang='lat' dir='ltr'><strong>ibique</strong></span> <span class='ocrx_word' id='word_1_283' title='bbox 473 4089 521 4151; x_wconf 88' lang='lat' dir='ltr'><strong>est</strong></span> <span class='ocrx_word' id='word_1_284' title='bbox 537 4101 616 4148; x_wconf 87' lang='lat' dir='ltr'><strong>area</strong></span> <span class='ocrx_word' id='word_1_285' title='bbox 641 4083 833 4166; x_wconf 89' lang='lat' dir='ltr'><strong>triturandi;</strong></span> <span class='ocrx_word' id='word_1_286' title='bbox 859 4085 934 4150; x_wconf 87' lang='lat' dir='ltr'><strong>inde</strong></span> <span class='ocrx_word' id='word_1_287' title='bbox 960 4085 1123 4170; x_wconf 86' lang='lat' dir='ltr'><strong>protendi·</strong></span> 
     </span>
     <span class='ocr_line' id='line_1_36' title="bbox 38 4184 1125 4276; baseline 0.009 -25"><span class='ocrx_word' id='word_1_288' title='bbox 38 4184 74 4246; x_wconf 80' lang='lat' dir='ltr'><strong>tur</strong></span> <span class='ocrx_word' id='word_1_289' title='bbox 85 4205 172 4271; x_wconf 87' lang='lat' dir='ltr'><strong>usque</strong></span> <span class='ocrx_word' id='word_1_290' title='bbox 186 4191 219 4258; x_wconf 92' lang='lat' dir='ltr'><strong>in</strong></span> <span class='ocrx_word' id='word_1_291' title='bbox 236 4189 398 4271; x_wconf 81' lang='lat' dir='ltr'><strong>Crastino,</strong></span> <span class='ocrx_word' id='word_1_292' title='bbox 414 4191 472 4257; x_wconf 91' lang='lat' dir='ltr'><strong>nbi</strong></span> <span class='ocrx_word' id='word_1_293' title='bbox 488 4197 537 4257; x_wconf 89' lang='lat' dir='ltr'><strong>est</strong></span> <span class='ocrx_word' id='word_1_294' title='bbox 554 4188 694 4255; x_wconf 80' lang='lat' dir='ltr'><strong>ecelesia</strong></span> <span class='ocrx_word' id='word_1_295' title='bbox 710 4189 821 4256; x_wconf 86' lang='lat' dir='ltr'><strong>Sancti</strong></span> <span class='ocrx_word' id='word_1_296' title='bbox 839 4191 971 4276; x_wconf 80' lang='lat' dir='ltr'><strong>Georgij</strong></span> <span class='ocrx_word' id='word_1_297' title='bbox 999 4189 1125 4262; x_wconf 82' lang='lat' dir='ltr'><strong>Sancti·</strong></span> 
     </span>
     <span class='ocr_line' id='line_1_37' title="bbox 38 4294 1124 4385; baseline 0.01 -29"><span class='ocrx_word' id='word_1_298' title='bbox 38 4307 82 4370; x_wconf 83' lang='lat' dir='ltr'><strong>quo</strong></span> <span class='ocrx_word' id='word_1_299' title='bbox 93 4294 209 4385; x_wconf 79' lang='lat' dir='ltr'><strong>Muruy3</strong></span> <span class='ocrx_word' id='word_1_300' title='bbox 233 4299 311 4367; x_wconf 90' lang='lat' dir='ltr'><strong>inde</strong></span> <span class='ocrx_word' id='word_1_301' title='bbox 329 4299 371 4365; x_wconf 86' lang='lat' dir='ltr'><strong>ad</strong></span> <span class='ocrx_word' id='word_1_302' title='bbox 388 4319 508 4383; x_wconf 89' lang='lat' dir='ltr'><strong>aquam</strong></span> <span class='ocrx_word' id='word_1_303' title='bbox 525 4317 588 4381; x_wconf 87' lang='lat' dir='ltr'><strong>qus</strong></span> <span class='ocrx_word' id='word_1_304' title='bbox 604 4303 653 4362; x_wconf 89' lang='lat' dir='ltr'><strong>est</strong></span> <span class='ocrx_word' id='word_1_305' title='bbox 668 4297 760 4364; x_wconf 88' lang='lat' dir='ltr'><strong>iuxta</strong></span> <span class='ocrx_word' id='word_1_306' title='bbox 787 4297 954 4381; x_wconf 86' lang='lat' dir='ltr'><strong>Watenio;</strong></span> <span class='ocrx_word' id='word_1_307' title='bbox 980 4297 1055 4365; x_wconf 88' lang='lat' dir='ltr'><strong>inde</strong></span> <span class='ocrx_word' id='word_1_308' title='bbox 1081 4298 1124 4367; x_wconf 86' lang='lat' dir='ltr'><strong>ad</strong></span> 
     </span>
     <span class='ocr_line' id='line_1_38' title="bbox 38 4403 1121 4493; baseline 0.012 -34"><span class='ocrx_word' id='word_1_309' title='bbox 38 4407 146 4468; x_wconf 84' lang='lat' dir='ltr'><strong>nortem</strong></span> <span class='ocrx_word' id='word_1_310' title='bbox 159 4405 337 4474; x_wconf 83' lang='lat' dir='ltr'><strong>lialeoenio</strong></span> <span class='ocrx_word' id='word_1_311' title='bbox 353 4406 388 4473; x_wconf 93' lang='lat' dir='ltr'><strong>in</strong></span> <span class='ocrx_word' id='word_1_312' title='bbox 405 4405 548 4473; x_wconf 81' lang='lat' dir='ltr'><strong>Ohesuho</strong></span> <span class='ocrx_word' id='word_1_313' title='bbox 565 4409 598 4469; x_wconf 88' lang='lat' dir='ltr'><strong>et</strong></span> <span class='ocrx_word' id='word_1_314' title='bbox 615 4403 761 4471; x_wconf 88' lang='lat' dir='ltr'><strong>Vinador</strong></span> <span class='ocrx_word' id='word_1_315' title='bbox 776 4425 889 4472; x_wconf 82' lang='lat' dir='ltr'><strong>versus</strong></span> <span class='ocrx_word' id='word_1_316' title='bbox 900 4407 1121 4493; x_wconf 69' lang='lat' dir='ltr'><strong>oooideutemq</strong></span> 
     </span>
     <span class='ocr_line' id='line_1_39' title="bbox 38 4497 1127 4600; baseline 0.017 -35"><span class='ocrx_word' id='word_1_317' title='bbox 38 4497 93 4570; x_wconf 87' lang='lat' dir='ltr'><strong>irie</strong></span> <span class='ocrx_word' id='word_1_318' title='bbox 105 4509 185 4577; x_wconf 84' lang='lat' dir='ltr'><strong>uadit</strong></span> <span class='ocrx_word' id='word_1_319' title='bbox 201 4513 244 4580; x_wconf 85' lang='lat' dir='ltr'><strong>ad</strong></span> <span class='ocrx_word' id='word_1_320' title='bbox 260 4513 449 4600; x_wconf 80' lang='lat' dir='ltr'><strong>Jeooenize;</strong></span> <span class='ocrx_word' id='word_1_321' title='bbox 465 4511 542 4579; x_wconf 88' lang='lat' dir='ltr'><strong>iude</strong></span> <span class='ocrx_word' id='word_1_322' title='bbox 558 4512 761 4596; x_wconf 87' lang='lat' dir='ltr'><strong>protenditur</strong></span> <span class='ocrx_word' id='word_1_323' title='bbox 771 4511 814 4578; x_wconf 87' lang='lat' dir='ltr'><strong>ad</strong></span> <span class='ocrx_word' id='word_1_324' title='bbox 824 4512 1127 4583; x_wconf 80' lang='lat' dir='ltr'><strong>Chernioheuersus</strong></span> 
     </span>
     <span class='ocr_line' id='line_1_40' title="bbox 40 4609 1137 4704; baseline 0.014 -31"><span class='ocrx_word' id='word_1_325' title='bbox 40 4609 182 4704; x_wconf 66' lang='lat' dir='ltr'><strong>orientem</strong></span> <span class='ocrx_word' id='word_1_326' title='bbox 203 4621 279 4689; x_wconf 87' lang='lat' dir='ltr'><strong>inde</strong></span> <span class='ocrx_word' id='word_1_327' title='bbox 304 4620 464 4704; x_wconf 84' lang='lat' dir='ltr'><strong>siquidem</strong></span> <span class='ocrx_word' id='word_1_328' title='bbox 497 4639 610 4690; x_wconf 79' lang='lat' dir='ltr'><strong>uersus</strong></span> <span class='ocrx_word' id='word_1_329' title='bbox 644 4619 822 4690; x_wconf 87' lang='lat' dir='ltr'><strong>dinisioues</strong></span> <span class='ocrx_word' id='word_1_330' title='bbox 854 4619 896 4688; x_wconf 87' lang='lat' dir='ltr'><strong>de</strong></span> <span class='ocrx_word' id='word_1_331' title='bbox 929 4621 1061 4688; x_wconf 80' lang='lat' dir='ltr'><strong>Gnezke</strong></span> <span class='ocrx_word' id='word_1_332' title='bbox 1092 4628 1137 4690; x_wconf 63' lang='lat' dir='ltr'><strong>et&gt;</strong></span> 
     </span>
    </p>
   </div>
   <div class='ocr_carea' id='block_1_3' title="bbox 0 0 1590 5204">
    <p class='ocr_par' dir='ltr' id='par_1_7' title="bbox 0 0 1590 5204">
     <span class='ocr_line' id='line_1_41' title="bbox 0 0 1590 5204; baseline 0 0"><span class='ocrx_word' id='word_1_333' title='bbox 0 0 1590 5204; x_wconf 95' lang='lat' dir='ltr'><strong> </strong></span> 
     </span>
    </p>
   </div>
  </div>
 </body>
</html>
