3228 5198
689 944 737 1014 11.
771 925 776 936 '

146 1141 250 1205 Zomr‘
265 1140 360 1204 Potor
375 1142 517 1226 epotator
532 1143 692 1209 lakoonak
709 1142 893 1230 adomdnyo
924 1154 1006 1208 soene
1037 1143 1129 1208 Potor
1155 1165 1282 1208 monos·-

444 1260 514 1314 toro
531 1255 682 1315 otdmdro
699 1262 865 1338 oyyoroott.
884 1255 982 1318 1080.

259 1443 298 1508 In
313 1439 435 1510 Christi
450 1447 581 1512 nomino
603 1443 717 1510 Amen.
741 1443 836 1510 Anno
866 1443 1103 1512 loom-nationis
1135 1443 1278 1511 eiusdem

145 1547 324 1617 millesimo
340 1554 456 1618 ootouo
471 1549 598 1619 docimo
617 1549 850 1637 thelyeoebben
869 1549 991 1638 1080.)‚
1007 1551 1190 1619 indiotiono
1217 1572 1276 1619 mo·

148 1677 216 1740 ηας
240 1658 440 1743 temporibus
455 1676 584 1754 qooquo
599 1655 723 1725 domini
739 1659 906 1726 Laurentii
936 1659 1134 1727 venerabilis
1165 1658 1278 1727 Aroht

148 1764 298 1851 episcopi
314 1763 409 1833 Sedis
425 1763 602 1851 Spalotino,
618 1763 738 1832 domini
754 1764 929 1852 Sointmir;
951 1768 1049 1862 Regis
1075 1765 1276 1852 croatorum,

147 1891 213 1938 neo
229 1890 296 1936 non
313 1871 425 1939 Volizo
439 1872 561 1940 Priorio
587 1907 916 1922 ------
935 1875 1053 1943 Petrus
1085 1873 1191 1960 Cerni,
1224 1873 1278 1958 qui

1 1992 18 2043 :-
149 1985 193 2045 et
232 1977 361 2063 Gomay
398 1977 485 2046 filino
499 2017 511 2064 5
564 1998 629 2046 una
676 1998 748 2046 com
797 1979 967 2068 confimo
1022 2000 1095 2049 meo
1148 1979 1282 2048 domina

148 2085 250 2162 Aona
267 2084 417 2154 dedimus
433 2087 627 2154 Monaotorio
642 2085 756 2158 Sonoti
772 2085 861 2155 Petri
877 2103 990 2156 omnes
1008 2095 1138 2157 nostras
1168 2095 1281 2175 terras,

16 2285 24 2294 .
150 2212 236 2276 quas
254 2191 409 2260 habemus
425 2193 458 2261 in
474 2194 547 2262 looo
560 2202 676 2262 vocato
693 2193 827 2282 Oampo,
853 2193 1039 2280 incipiendo
1072 2216 1093 2262 a
1123 2214 1212 2262 muro
1244 2195 1278 2263 in

149 2299 299 2368 interiori
316 2318 428 2367 versuo
443 2319 534 2368 mnre
550 2307 639 2368 reoto
654 2300 753 2385 linea,
769 2307 801 2368 et
816 2299 899 2368 siout
924 2300 1023 2370 ourrit
1055 2302 1146 2370 littus¹
1178 2321 1282 2387 usquo

150 2407 196 2475 ad
212 2406 363 2495 Perolde‚
381 2415 413 2476 et
428 2427 533 2493 usquo
548 2410 592 2478 od
607 2410 712 2498 ripam
729 2408 941 2496 superiorem,
957 2417 989 2477 et
1005 2403 1095 2478 re'oto
1112 2411 1197 2479 siout
1213 2431 1281 2480 our·

151 2513 196 2581 rit
212 2515 287 2600 ripa
302 2535 415 2584 vorsus
429 2523 603 2586 torrentem
620 2514 781 2602 usquead
798 2514 911 2604 pedem
928 2518 1048 2586 montio
1065 2536 1108 2603 po
1124 2555 1167 2567 ·-
1188 2555 1224 2568 -
1240 2555 1283 2568 -

153 2658 198 2670 -
217 2624 372 2710 -longe
389 2633 421 2693 ot
435 2645 549 2694 versuo
566 2645 665 2711 maro,
681 2627 766 2694 siout
781 2626 881 2693 ourrit
895 2625 977 2714 ripa,
993 2633 1027 2694 ot
1040 2626 1116 2693 indo
1132 2625 1228 2694 ad-
1239 2663 1283 2676 -—

153 2771 199 2782 -
216 2751 287 2798 rum
304 2731 485 2818 pristinum.
527 2734 570 2800 Et
584 2732 631 2818 hij
647 2733 765 2802 fierunt
780 2739 879 2802 testes
895 2732 1030 2818 Bogdon
1055 2733 1132 2814 Rao,
1158 2735 1282 2819 Drogo·

151 2837 239 2922 'nego
256 2837 327 2926 Rio,
343 2838 454 2926 Vikay
468 2839 592 2908 oetnioo
608 2846 640 2907 et
655 2840 722 2907 alii.

265 2945 307 3012 Et
322 2963 383 3032 ego
399 2945 554 3015 Dobrona
569 2947 631 3016 hoo
647 2948 748 3016 breve
757 2948 855 3015 breve
867 2947 951 3035 (tgy)
968 2949 1084 3034 soripoi
1101 2951 1194 3018 iusso
1210 2949 1284 3018 Pro

155 3053 408 3122 bimiriiVioarii
424 3055 533 3150 Regis.

153 3251 289 3312 (Carrara
309 3253 438 3314 Ferenm,
459 3253 595 3305 Archivio
616 3253 777 3318 Capitolare
791 3256 819 3305 di
837 3254 960 3318 Spalatm
976 3253 1091 3318 Spalato
1108 3259 1182 3304 1844.
1199 3257 1239 3305 88.
1254 3256 1289 3318 l.)

589 3533 855 3547 -u———n—-n
