3206 5184
856 1029 933 1098 452.

328 1233 390 1303 IV.
415 1232 500 1302 Bora
523 1231 701 1319 kirolynat
735 1253 902 1318 parancsa
940 1228 979 1297 θ.
1019 1232 1212 1319 zalamroyei
1242 1229 1458 1322 fdispa'nhos,

417 1345 501 1430 toqy
524 1341 608 1408 sido
632 1349 743 1407 comest
758 1339 925 1428 jaoaidao
948 1339 1148 1406 oltolmoazo.
1174 1323 1225 1407 Ia‘n
1247 1341 1362 1408 solsol

434 1539 471 1606 B.
489 1537 551 1606 Dei
582 1537 693 1624 grania
718 1535 787 1604 Rex
803 1535 970 1622 Hnngsrls
987 1535 1075 1605 fideli
1091 1557 1151 1606 sno
1167 1539 1207 1606 G.
1224 1537 1341 1607 Oomiti
1357 1538 1452 1607 Sala·

329 1646 434 1716 diensi
450 1647 588 1714 salntem
605 1651 638 1714 et
654 1645 808 1730 graciam.
840 1643 1008 1714 Fidelitnti
1039 1653 1095 1714 tue
1126 1647 1318 1715 mandantes
1350 1648 1457 1732 preni-

328 1755 445 1844 plmus,
478 1761 638 1840 qnatenus
677 1752 774 1822 Sidon
815 1753 983 1823 Comidsm
1016 1754 1148 1823 fidelem
1180 1763 1322 1824 nostrum
1354 1776 1455 1844 snper

327 1869 415 1932 terra
428 1881 488 1932 sna
503 1861 634 1933 nornine
659 1861 795 1932 Dnolisa
811 1869 844 1930 et
867 1863 941 1931 Irev
970 1884 1035 1932 non
1066 1863 1228 1949 molestes,
1260 1862 1362 1931 donea
1393 1883 1454 1932 nos

331 1969 519 2040 ordinemus
550 1989 648 2058 snper
662 1969 729 2058 illa,
745 1977 778 2038 et
792 1969 928 2038 eundem
953 1971 1066 2057 pooins
1081 1977 1234 2060 protegas
1250 1977 1281 2040 et
1297 1969 1455 2040 defendas

330 2082 465 2149 obtenta
495 2077 605 2165 granis
637 2083 756 2147 nostre.
789 2079 832 2147 st
861 2079 922 2147 hoo
954 2079 1050 2147 aliter
1081 2100 1147 2147 non
1178 2077 1249 2149 frat
1281 2069 1402 2151 Dstnrn
1419 2082 1455 2154 in

330 2186 474 2258 erastino
490 2185 601 2253 Sancti
616 2182 797 2254 Michaelis.

438 2291 489 2362 Ki
500 2295 574 2364 sltl
591 2318 599 2361 z
617 2291 656 2360 G.
673 2293 790 2362 Comiti
806 2294 995 2365 Saladienhi
1005 2316 1063 2384 pro
1073 2297 1182 2367 Sidon.

331 2493 464 2552 Ersdstis
484 2494 667 2566 borhtnytn,
689 2497 816 2568 spoatt
834 2499 976 2566 elvsszett,
996 2517 1013 2556 a
1033 2499 1118 2556 bodai
1140 2499 1194 2554 lrir.
1217 2500 1349 2556 kamarai
1368 2501 1458 2557 levol-

833 2592 946 2660 tarban)

764 2873 1014 2896 bahana—hah

851 3417 927 3490 453.

318 3617 380 3691 IV.
397 3623 479 3691 Rota
493 3621 670 3710 kirolyoak
682 3641 850 3711 pordocan
866 3644 887 3686 a
910 3618 1107 3708 pdcsodrndi
1130 3617 1326 3704 konnentdea,
1361 3621 1446 3708 irony
1570 3662 1573 3671 ·

323 3731 404 3819 πέρι]
419 3731 659 3820 odrjobbdqyot,
678 3731 736 3796 kik
751 3729 907 3816 magnicat
923 3753 944 3794 a
968 3729 1158 3816 oydlszs'qsts‘
1169 3727 1450 3811 apdczadolostor*

484 3839 552 3908 oar
560 3837 802 3928 ferajsnooor,
820 3837 1095 3922 monstraturos.
1106 3813 1156 3901 rio
1168 3835 1289 3902 orsos.

423 4036 459 4102 B.
490 4033 552 4103 Dei
583 4031 696 4118 grania
726 4031 795 4100 Rex
826 4027 970 4116 Vngsrio
995 4028 1143 4099 fidelibus
1160 4032 1227 4099 suis
1244 4081 1253 4101 .
1271 4081 1279 4098 .
1297 4081 1306 4096 .
1322 4029 1448 4100 Abbati

319 4149 352 4211 et
367 4139 545 4211 Connontni
570 4138 777 4209 waradiensi
807 4139 944 4208 salntem
978 4147 1009 4208 et
1033 4136 1386 4232 graciam-Venerunt
1403 4137 1450 4206 ad

320 4269 380 4318 non
411 4249 520 4335 Parra,
550 4247 639 4330 Pete,
670 4247 766 4316 Silnk
781 4254 813 4314 st
829 4245 945 4332 Jonas,
977 4247 1032 4331 qui
1049 4265 1085 4315 se
1100 4265 1172 4316 esso
1191 4245 1305 4314 dionnt
1320 4245 1449 4331 iobagi-

318 4377 395 4426 ones
412 4355 519 4425 Gastri
536 4355 578 4423 do
592 4355 730 4442 Koesth,
748 4351 975 4423 committendo
991 4373 1049 4422 serr
1073 4353 1180 4421 dando
1210 4373 1248 4420 se
1262 4360 1295 4422 et
1327 4359 1448 4420 terram

318 4483 428 4531 eornm
451 4464 648 4533 Monssterio
663 4470 771 4530 nostro
788 4458 829 4529 do
845 4459 994 4531 Oleastro
1010 4460 1152 4546 Virginis
1170 4459 1329 4529 Glorioso.
1347 4459 1444 4528 Vnde

317 4569 465 4638 fidelitati
481 4580 588 4641 nestro
605 4569 797 4638 mandamus
811 4568 1030 4656 precipiendo,
1061 4575 1221 4654 qnatenus
1242 4587 1314 4636 oum
1339 4565 1447 4654 Nyeo·

317 4676 372 4752 lao
403 4677 505 4763 fratre
537 4676 627 4750 Botis
659 4675 787 4748 homine
826 4683 939 4750 nostro
970 4676 1103 4748 mittatis
1144 4694 1244 4748 unum
1274 4693 1315 4746 ex
1353 4675 1445 4754 nobis
