3116 5186
639 377 800 481 Q

149 583 221 639 rum
239 571 444 642 ostendentes
460 575 735 662 commissionem,
751 595 848 662 quam
865 575 1045 646 habuerant
1061 595 1158 664 super
1173 576 1234 646 bec
1250 576 1282 645 iu

147 680 235 747 lruuc
251 681 406 749 medum:

257 789 350 857 duno
394 791 632 860 lucaruationis
663 791 796 860 Domini
838 792 1009 861 millesime
1055 794 1279 861 ducentesimo

144 898 317 964 tricesimo
347 899 499 983 secundo,
527 899 706 966 indictione
722 901 845 986 quinta,
863 903 983 968 mensis
1000 901 1148 968 Jauuarii
1165 902 1281 968 tercio·

144 1005 274 1072 decime
305 1005 361 1074 die
392 1009 546 1076 intrante.
580 1008 649 1075 Nes
680 1007 811 1094 quidem
844 999 949 1074 Jnrati
980 1008 1115 1078 Judiees
1147 1009 1281 1095 Ragusii

145 1113 330 1181 Civitatis:
361 1115 528 1183 lohannes
561 1113 722 1200 sinodale,
755 1115 930 1184 Gervasius
961 1115 1091 1201 Marini,
1132 1116 1280 1186 Andreas

144 1221 315 1309 Dabrcue,
331 1223 481 1290 llatbens
497 1224 644 1310 Bebatie,
661 1225 818 1292 Bubauua
835 1224 940 1308 Petri,
959 1233 990 1291 et
1008 1245 1065 1292 nes
1076 1225 1280 1293 Consiliarii:

144 1330 334 1396 Damiauus
349 1329 506 1417 Bociuoli,
521 1330 650 1398 Balatia
667 1331 829 1420 Gervasii,
851 1331 965 1398 Petms
981 1332 1168 1420 Ballislave,
1195 1333 1279 1400 The·

145 1459 219 1504 mus
236 1439 371 1525 Peneus,
401 1439 567 1507 Johauues
599 1440 740 1525 Lampri,
763 1447 793 1505 et
811 1447 946 1508 euuetus
963 1442 1100 1525 populus
1125 1440 1274 1524 Rugusii.

145 1543 404 1614 committentes
415 1546 643 1614 committimus
668 1567 808 1630 namque
824 1547 927 1636 vebis,
944 1547 1078 1616 Binzole
1088 1547 1233 1614 Bobaeic
1249 1555 1280 1614 et

146 1653 312 1722 Gervasio
345 1655 522 1740 Neymerii,
555 1652 716 1722 nobilibus
748 1655 838 1740 viris,
864 1655 1052 1723 concivibus
1084 1660 1116 1722 et
1146 1654 1274 1722 nuntiis

149 1761 283 1843 uestris,
316 1769 349 1828 et
380 1762 512 1847 plenam
544 1763 693 1830 virtutem
710 1769 743 1829 et
758 1764 1013 1830 commissionem
1029 1771 1062 1829 et
1086 1769 1279 1848 potestatem
1385 1799 1387 1805 ·

143 1869 247 1940 vobis
263 1867 387 1957 damus,
402 1879 437 1937 ut
469 1877 569 1937 totum
601 1870 746 1937 ordinem
764 1878 796 1936 ct
813 1877 1034 1957 pactumque
1052 1870 1219 1955 pronubis
1246 1875 1279 1936 et

145 1999 210 2066 pro
242 1985 352 2046 uestra
385 1978 526 2046 Ciuitate
556 1979 694 2062 Ragnsii
725 1978 868 2046 feceritis
900 1999 970 2046 cnm
1003 1976 1135 2046 domiuo
1166 1986 1278 2046 nosne

144 2087 273 2156 Jacobe
308 2085 491 2173 Theupulo,
524 2085 697 2170 Magnifice
713 2086 803 2154 Duce
821 2086 1044 2170 veneciarum,
1071 2087 1163 2154 firma
1179 2087 1278 2153 hube-

144 2196 260 2263 bimus
275 2195 523 2280 imperpetuum.
542 2195 610 2260 Hec
626 2201 733 2261 autem
750 2199 842 2260 carta
857 2195 945 2261 nulle
961 2194 1145 2262 testimonie
1171 2193 1276 2278 rumpi

145 2303 264 2388 possit.
287 2303 358 2385 Ego
388 2309 497 2368 autem
515 2302 673 2389 presbiter
688 2301 837 2369 Pasmlis
853 2308 885 2369 et
910 2299 1095 2368 Communis
1123 2302 1280 2368 Notarius

144 2410 286 2477 Juratus
302 2429 342 2474 ex
359 2428 520 2476 censensu
535 2417 568 2476 et
584 2409 775 2476 laudatione
801 2409 1052 2494 prescriptorum
1069 2407 1219 2476 Judieum
1247 2417 1280 2475 et

146 2516 419 2584 Consiliarierum
435 2524 468 2583 et
484 2518 591 2585 cuncti
608 2516 718 2603 pepuli
743 2517 901 2601 Rugusiui
917 2517 1045 2604 scripsi,
1069 2516 1228 2600 complevi
1247 2525 1277 2583 et

148 2625 304 2692 roboravi
319 2625 390 2692 hee.

229 2730 370 2809 ,Quare
411 2733 515 2800 dictos
557 2733 707 2802 domiuus
743 2735 818 2800 Dux
858 2733 902 2799 ad
941 2732 1128 2816 petitionem
1172 2753 1280 2800 eornm

146 2841 388 2929 condescendit,
404 2848 437 2908 et
462 2843 672 2909 concordiam
699 2849 732 2910 et
758 2849 890 2928 paetum
916 2860 1018 2923 usqne
1035 2839 1076 2906 ad
1092 2847 1157 2908 tres
1174 2861 1279 2909 annos

147 2954 186 3015 et
203 2953 326 3014 tautum
343 2947 427 3034 plus,
443 2955 599 3030 quantum
627 2950 780 3017 voluutas
803 2948 924 3016 domiui
950 2947 1051 3015 Ducis
1066 2947 1278 3016 veneciarum

149 3053 264 3141 fuerit,
294 3055 382 3122 iuter
395 3061 565 3140 utramque
581 3064 706 3142 partem
722 3056 836 3122 initum
851 3062 901 3123 est
916 3063 948 3122 et
963 3055 1122 3122 firmatum
1139 3055 1173 3120 iu
1191 3054 1275 3122 huuc

147 3162 302 3229 modum:
333 3161 403 3229 Nos
440 3164 686 3247 Raguseuerum
712 3164 817 3232 nuntii
843 3162 988 3230 iamdicti
1021 3183 1078 3248 pre
1105 3160 1279 3230 Commune

146 3267 303 3338 Civitatis
329 3278 438 3338 nostre
462 3271 658 3357 transmissi,
680 3291 701 3336 a
725 3290 789 3355 quo
805 3269 869 3336 fuit
883 3268 1020 3356 previde
1036 3267 1279 3337 deliberacione

144 3379 325 3465 inventum,
351 3398 410 3463 pre
439 3399 477 3444 eo
503 3379 589 3462 quod
605 3385 689 3445 terre
714 3385 823 3447 nostre
847 3377 975 3444 videtur
1000 3378 1174 3462 plurimum
1193 3377 1278 3444 fruc·

146 3501 308 3571 traceam,
339 3485 426 3571 qued
441 3485 655 3554 Veneciarnm
681 3486 826 3555 dominic
842 3485 1062 3573 subderemus,
1079 3485 1226 3572 petimus,
1243 3491 1279 3552 ut

144 3595 244 3666 uobis
260 3596 303 3663 ed
319 3597 520 3664 veluntatem
544 3602 685 3663 vestram
703 3595 858 3663 Comitem
875 3595 1068 3663 concedatis.
1096 3595 1165 3661 Hee
1181 3596 1278 3680 euim,

148 3725 217 3789 que
235 3706 441 3772 continentur
457 3703 603 3791 iuferius,
630 3705 697 3771 vult
713 3713 801 3772 terra
817 3710 928 3771 nostra
944 3703 1081 3788 Ragusii
1097 3703 1280 3770 observare.

148 3813 311 3898 Ragusiui
344 3834 471 3900 semper
498 3812 787 3898 Arcbiepiseepum
820 3813 940 3896 eligent
971 3811 1011 3879 de
1053 3811 1213 3897 Veneciis,
1247 3819 1281 3878 et

34 3971 36 3996 f
147 3921 317 3990 habebunt
348 3943 369 3989 a
401 3921 513 3988 Gradu
544 3919 698 3988 videlieet
738 3941 839 4006 usque
870 3917 975 4006 Caput
1005 3919 1153 4004 Aggeris.
1185 3919 1277 3985 Etsi

146 4029 301 4096 domiuus
332 4028 408 4096 Dux
439 4049 460 4093 a
491 4028 618 4096 domiue
651 4030 741 4113 Papa
757 4029 877 4110 peterit
892 4027 1047 4114 optinere,
1064 4023 1148 4110 quod
1166 4025 1275 4092 Archi·

146 4135 361 4222 episcopatus
373 4137 507 4222 Ragusii
517 4135 679 4202 (trudensi
692 4135 840 4203 Eeclesie
850 4139 1057 4221 supponatur,
1067 4135 1136 4200 eius
1153 4133 1281 4200 electio·

32 4243 33 4246 ’
145 4265 226 4312 uem
252 4244 486 4331 presentabant
512 4243 642 4330 domiuo
657 4243 847 4310 Patriarche
879 4242 1051 4330 Gradeusi,
1067 4241 1278 4309 confirmatio·

145 4371 227 4419 nom
259 4352 426 4420 electionis
458 4353 683 4436 postulantes;
716 4362 748 4419 et
780 4351 1023 4418 confirmatione
1049 4349 1147 4436 lecta,
1174 4349 1280 4417 reniet

147 4464 277 4528 electus
293 4460 338 4542 ad
354 4458 471 4527 Scdem
498 4459 764 4546 Patr-iarcbalem,
791 4469 823 4528 et
839 4458 1112 4526 consecrationem
1128 4459 1168 4526 de
1183 4479 1279 4526 mauu

145 4589 214 4637 sua
231 4568 383 4654 accipiet,
402 4567 563 4652 facietque
578 4568 607 4633 ei
624 4567 821 4650 fidelitatem,
841 4569 1056 4635 reverentiam
1076 4575 1108 4633 et
1130 4565 1278 4634 obedieu-

143 4679 230 4745 tiam
266 4675 410 4744 debitam
443 4677 472 4745 ei
505 4673 658 4742 exhibere
689 4674 1073 4762 premittens.·Prcte1·ea
1102 4673 1282 4760 statuimus,
