3184 5186
906 889 985 958 325.

377 1085 398 1150 1
403 1085 437 1150 V.
462 1083 590 1150 Sindon
608 1086 702 1174 po'pa
727 1088 906 1172 meyert'siri
930 1087 951 1152 l
956 1086 991 1153 V.
1016 1087 1098 1153 Belo
1116 1085 1291 1174 kirdlynak
1306 1111 1387 1153 aeon
1405 1089 1516 1153 inte'z-

377 1193 519 1276 kede‘eet‚
549 1193 696 1282 melylyel
718 1219 740 1260 α
763 1195 896 1282 tripedii
919 1195 1079 1261 oisteroita
1102 1196 1327 1262 monostornnk
1350 1197 1402 1260 leet
1426 1198 1512 1262 mol·

710 1315 771 1367 mot
793 1302 857 1370 oda
873 1307 1058 1369 hotcirozott.
1084 1304 1181 1368 1259.

451 1495 613 1557 (Thetonion,
632 1497 756 1548 Monnm.
776 1497 842 1549 hist.
861 1497 952 1562 Epioe.
973 1497 1168 1564 zsgrebiensis
1186 1496 1209 1548 1.
1229 1499 1287 1548 ket.
1310 1503 1367 1549 123.
1388 1500 1418 1562 l.)

907 2317 982 2386 326.

378 2510 510 2578 Sindon
527 2515 644 2601 tmperi
658 2511 787 2577 Monet
808 2512 998 2593 iretoelsoete,
1022 2512 1168 2598 ootytyot
1189 2509 1335 2598 ttzoopoo
1350 2511 1504 2599 fh'ldeiret

540 2641 561 2682 a
585 2617 734 2704 topoekat'
757 2619 964 2706 apdtsopnok
986 2617 1051 2686 odo
1073 2619 1216 2685 hatdroz.
1243 2620 1340 2687 1259.

483 2812 553 2880 Nos
567 2812 723 2897 Magister
753 2812 941 2881 Alexander
971 2813 1081 2881 Bonos
1112 2812 1294 2880 Maritimus
1325 2818 1358 2880 et
1388 2811 1503 2880 Comes

375 2917 606 3005 Zegrebiensis
621 2918 841 3003 significemus
857 2926 969 2988 tenore
985 2918 1187 3006 presenoiom
1212 2918 1383 3008 uniuersis,
1414 2917 1499 3003 qood

375 3044 472 3114 snper
487 3025 572 3095 teoto
589 3031 751 3111 terreque
767 3025 882 3113 incipit
897 3047 919 3095 e
934 3033 1033 3113 ponte
1049 3027 1167 3114 (ilyne,
1186 3033 1219 3094 et
1232 3024 1325 3094 rodit
1339 3046 1399 3113 per
1416 3026 1499 3093 viam

374 3151 528 3217 magnoni
543 3153 646 3221 nsque
662 3134 705 3202 nd
722 3134 832 3221 Motoy
848 3135 883 3201 in
899 3134 1016 3203 dextre
1031 3141 1134 3221 porte,
1165 3135 1249 3203 inter
1264 3134 1425 3202 Abbetem
1441 3134 1495 3200 '1¹0-

375 3239 550 3327 plioensem
568 3261 609 3308 ex
626 3259 691 3309 nne
706 3247 812 3330 ports,
844 3252 877 3311 et
893 3241 976 3310 filios
990 3242 1076 3309 Rota
1093 3260 1133 3308 ex
1147 3239 1252 3309 oltern
1266 3261 1375 3308 eoram
1406 3238 1498 3308 nobis

376 3347 500 3431 questio
516 3355 707 3431 verteretur,
724 3357 757 3416 et
774 3345 886 3416 eodem
902 3347 1019 3416 fuisset
1036 3347 1178 3416 dednote
1194 3347 1238 3416 ed
1258 3348 1417 3436 jodioiorn
1446 3345 1497 3413 do

375 3453 454 3521 mini
470 3455 571 3522 nostri
588 3454 750 3542 Stephani
765 3455 870 3539 Boni3
893 3455 1025 3524 tandem
1042 3452 1128 3537 idem
1144 3456 1256 3525 Bonus
1272 3455 1403 3542 eognito
1427 3472 1493 3540 pro

376 3579 469 3630 oessn
485 3562 610 3647 negoeij
628 3559 783 3650 decreuit,
815 3563 900 3632 sieut
915 3563 949 3629 in
966 3561 1110 3631 eiusdem
1127 3563 1213 3631 Boni
1228 3562 1347 3630 litteris
1377 3561 1493 3630 inueni·

374 3687 446 3736 mns
462 3667 635 3738 contineri:
651 3670 740 3754 qnod
754 3677 789 3737 vt
805 3669 954 3755 prediote
969 3677 1056 3739 terre
1072 3676 1157 3740 esset
1171 3671 1317 3740 Bootesis
1330 3669 1493 3757 'Popiieen-

373 3776 431 3862 sis,
454 3775 536 3842 Iron
551 3774 639 3843 filins
655 3775 808 3862 Jerozloi,
825 3776 880 3859 qni
896 3797 953 3863 pro
978 3776 1108 3844 Abbete
1124 3777 1214 3844 litem
1238 3775 1383 3845 eiusdem
1413 3783 1490 3842 terre

373 3886 535 3971 portabat,
552 3901 625 3949 eom
639 3881 722 3950 Iren
737 3882 804 3951 tilio
821 3880 925 3950 Ortnn
942 3884 984 3951 de
999 3885 1116 3970 Blyno,
1135 3891 1167 3950 et
1183 3883 1270 3952 Hnet
1285 3883 1416 3951 offieinii
1432 3881 1491 3948 Ais

372 3989 459 4057 batis
474 3991 654 4076 memorati,
668 3989 810 4059 seeundo
825 3990 880 4056 die
895 3991 999 4058 Morio
1014 3988 1211 4076 Mogdeiene
1227 4009 1335 4057 eoram
1348 3987 1490 4075 Oopitnlo

375 4096 591 4181 Zogrobiensi
607 4095 739 4165 deberet
753 4103 900 4182 prestere
916 4105 1167 4166 sacromentum.
1208 4097 1358 4164 Instante
1387 4096 1491 4177 itnqne

378 4204 432 4271 die
448 4207 641 4272 semmenti
657 4203 739 4273 Iron
754 4203 821 4273 tilio
836 4203 981 4272 Jeronlai
998 4223 1072 4272 eum
1088 4201 1286 4272 odiofficoris
1299 4203 1363 4271 sibi
1386 4220 1488 4290 prono

372 4310 450 4378 tetis
466 4310 559 4378 iuxta
574 4311 711 4378 formem
727 4311 942 4398 prosoriptom
958 4311 1103 4399 prestitit
1118 4319 1367 4380 sacromentum.
1405 4307 1490 4377 Unde

371 4419 449 4507 quio
464 4419 498 4487 in
515 4421 618 4508 ipsius
632 4420 717 4490 Boni
732 4420 851 4489 titteris
884 4420 1076 4503 hebebatur,
1107 4419 1197 4504 qnod
1228 4419 1365 4506 prestito
1394 4433 1489 4485 seem·

371 4535 479 4596 mento
495 4527 569 4613 ipse
585 4541 673 4596 terre
689 4527 731 4598 ed
747 4529 981 4598 Monesterium
996 4529 1191 4615 'Poplieense
1207 4525 1339 4597 deuolui
1351 4525 1489 4605 deberet;
