3116 5186
566 259 726 363 Q

6 533 7 542 χ
93 455 311 526 comiseramus
346 458 580 542 exequendum,
617 459 822 545 presentibus
848 459 951 527 eciam
977 459 1064 529 fideli
1093 459 1210 532 clerico

6 657 7 660 Ἴ
91 573 191 635 nostro
208 566 361 651 Magistro
380 563 537 632 Nikolino
553 564 597 631 ad
615 567 675 633 lroo
691 588 751 652 pro
770 566 926 652 pristaldo
955 589 1088 653 pernes
1105 571 1206 656 depu-

7 757 8 762 1
91 683 158 762 tato,
174 693 232 740 uec
248 695 312 741 uon
336 674 466 740 homine
493 673 636 758 Capituli
661 675 890 759 anrabiensis
916 683 948 743 et
973 676 1106 746 homine
1132 677 1208 745 Pro·

6 817 8 868 1
91 783 217 868 ceptorls
251 783 513 869 Templariorum
548 783 590 849 de
616 782 737 870 Goura,
764 804 803 850 ac
828 784 1013 853 homiuibus
1040 784 1202 870 hospitum
1273 867 1275 870 Ι

91 896 261 958 nostrornm
279 887 320 956 dc
336 890 443 954 Perna
462 896 494 955 et
513 887 659 977 Petrina,
680 895 712 956 et
737 889 883 975 pluribus
907 891 984 961 aliis
1002 891 1067 958 fide
1083 891 1202 977 dignis,

6 985 8 1066 l
91 1021 127 1066 ne
142 998 273 1065 ulterius
293 1017 352 1082 per
376 997 442 1064 iam
470 997 573 1064 dictos
599 996 774 1066 Glinenscs
803 997 906 1082 ipsius
922 998 1073 1066 Ecclesia
1098 1008 1208 1084 posset

6 1085 8 1192 ἶ
89 1105 223 1175 indebite
248 1104 426 1192 molestari,
455 1103 683 1173 favorabiliter
702 1113 874 1191 acceptare
899 1112 931 1173 et
958 1107 1078 1174 nostris
1105 1107 1208 1175 literis

89 1217 290 1300 dignaremur
306 1213 506 1280 confirmare.
536 1211 604 1279 Nos
621 1213 721 1297 igitur
740 1213 894 1298 precibus
914 1213 1028 1302 ipsius,
1055 1234 1117 1300 qno
1143 1217 1209 1283 ins·

6 1325 8 1414 ξ
87 1325 187 1392 liciam
204 1330 236 1390 et
251 1320 406 1406 pietatem
424 1323 593 1388 continere
609 1319 814 1408 videbantur,
825 1321 999 1389 clementer
1014 1329 1208 1410 annuentes,

6 1417 8 1490 l
87 1432 194 1500 seriem
210 1428 382 1499 divisionis
399 1429 569 1516 premisse,
589 1430 674 1498 sicut
688 1429 723 1496 in
739 1429 844 1498 literis
872 1429 1051 1518 supradicti
1077 1431 1210 1498 Comitio

6 1561 7 1564 ¹
86 1541 179 1607 ldarol
219 1537 281 1605 sub
320 1536 452 1622 proprio
494 1555 551 1604 suo
593 1535 704 1621 sigillo
754 1537 847 1605 nobis
887 1538 1044 1624 porrectis
1069 1538 1210 1607 vidimus

87 1646 246 1729 contineri,
262 1652 371 1712 ratam
387 1652 420 1711 et
435 1651 605 1729 acceptam
631 1643 805 1712 habuimus
833 1651 868 1710 ut
893 1643 1040 1712 decebat.
1066 1645 1210 1713 Nomina

90 1760 188 1822 autem
213 1752 471 1838 possessionum,
499 1771 562 1835 que
589 1749 633 1816 ad
658 1751 798 1817 Abbatis
824 1757 947 1836 partem
974 1751 1147 1842 pertinent,
1172 1753 1207 1819 in

86 1862 244 1947 premissis
262 1877 420 1945 expressa
436 1858 552 1926 litteris
572 1865 649 1927 sunt
668 1857 737 1942 hec,
758 1857 911 1926 videlicet
927 1885 934 1925 :
952 1857 1099 1928 Orathka
1122 1861 1208 1929 ultra

86 1973 215 2052 Sanam,
233 1968 315 2037 villa
332 1968 496 2036 Schuchia
511 1968 595 2034 citra
612 1967 722 2051 Zavva,
743 1964 890 2054 Lubugn,
917 1966 997 2033 villa
1022 1967 1207 2054 Terredych

87 2077 214 2145 etloeus
231 2075 288 2144 ubi
314 2073 432 2160 Legna
458 2075 548 2142 cadit
572 2076 606 2142 in
632 2075 742 2160 Zama,
770 2081 839 2142 tam
865 2074 947 2142 citra
971 2095 1068 2160 quam
1096 2075 1206 2160 ultra3

86 2193 163 2253 terra
176 2185 254 2252 ville
272 2183 533 2270 Brathkovyohy
552 2183 636 2250 citra
660 2181 793 2250 Zavvam
820 2187 852 2249 et
876 2171 971 2266 ultra,
997 2165 1077 2250 villa
1101 2180 1206 2251 Ralro

6 2287 8 2310 '
88 2292 231 2378 lechiche‚
267 2290 352 2359 villa
386 2291 581 2376 Treboehel,
618 2290 696 2356 villa
720 2290 884 2377 Pyschau‚
912 2289 992 2356 villa
1018 2290 1205 2377 Heberkov,

86 2403 161 2470 villa
174 2399 357 2485 Poschena,
373 2399 454 2466 villa
468 2399 561 2484 Reth,
577 2416 639 2483 que
655 2398 717 2465 fnit
733 2398 973 2482 terraWedeu;
991 2397 1071 2466 villa
1082 2397 1207 2466 Scerda

85 2530 173 2596 super
204 2509 347 2576 rivulum
382 2506 511 2589 Scelna,
546 2505 626 2573 villa
650 2505 791 2594 Gregen,
818 2511 906 2573 terra
933 2507 1054 2573 Sancte
1082 2507 1197 2574 Crucis

86 2627 164 2683 terra
189 2616 246 2684 ubi
281 2613 478 2682 Steuenicha
505 2613 594 2681 cadit
619 2613 653 2679 in
678 2614 806 2700 Scelna,
831 2613 911 2680 villa
937 2612 1101 2701 Welezua,
1129 2614 1207 2680 villa

87 2725 291 2810 Steuenicha,
309 2728 439 2808 quaest
462 2723 563 2789 Borth
579 2744 588 2803 3
613 2723 694 2790 villa
709 2720 853 2808 Dedeoh,
869 2719 950 2789 villa
960 2721 1109 2810 Moznav,
1126 2723 1208 2791 villa

86 2831 316 2916 Bebrevnicha,
333 2831 416 2898 villa
432 2829 663 2898 Yelseunicha.
681 2829 809 2896 Dividit
825 2836 933 2896 autem
959 2830 1067 2914 ipsam,
1080 2834 1207 2916 partem

86 2941 215 3009 Abbatis
238 2940 366 3008 rivulus
391 2936 534 3005 Gradiza
560 2937 664 3005 eundo
690 2937 724 3003 in
749 2937 899 3018 Zavvam,
924 2944 957 3003 et
982 2935 1082 3004 Zavva
1105 2927 1219 3020 usqne

87 3047 152 3116 durn
168 3048 340 3116 derivatur
356 3045 389 3112 in
407 3064 527 3130 aquarn
545 3042 637 3133 (quc)
654 3045 833 3132 Ghygovge
854 3042 979 3129 dicitur,
1003 3063 1066 3128 que
1090 3045 1209 3112 transi·

86 3177 136 3225 eus
150 3157 271 3224 silvam
287 3156 378 3222 Zava
395 3153 486 3221 vadit
502 3174 561 3239 per
576 3173 726 3238 campum
743 3173 912 3240 aquosum,
930 3151 985 3237 qui
1002 3157 1052 3218 est
1068 3170 1204 3238 campus

86 3264 199 3352 Logna,
216 3271 251 3330 et
268 3262 356 3330 cadit
370 3263 404 3328 in
419 3261 552 3330 fluvium
570 3264 694 3345 Logna.
728 3259 798 3327 Nec
826 3267 937 3327 tamen
957 3259 1207 3346 pretereundum

88 3370 239 3458 estquod
257 3371 380 3437 rivulus
397 3367 541 3435 Gradiza
558 3388 624 3436 non
641 3387 661 3434 a
679 3368 786 3453 capite
801 3365 916 3453 incipit
935 3386 1007 3435 esse
1031 3373 1129 3452 meta,
1147 3365 1206 3434 scd

87 3481 194 3568 eloco,
211 3478 272 3548 ubi
286 3477 408 3546 rivulus
434 3476 577 3563 Scopnik
604 3475 692 3544 eadit
717 3475 751 3540 in
780 3473 1039 3560 prenominatum
1065 3474 1206 3541 rivulum

89 3587 268 3655 Gradizam.
303 3586 347 3654 Ut
374 3590 482 3652 antem
508 3584 674 3650 ordinacio
702 3581 847 3667 predicte
870 3578 1041 3652 divisionis
1065 3580 1161 3648 salva
1176 3587 1209 3646 et

88 3695 274 3764 inconcussa
289 3699 490 3780 permaneat,
520 3692 726 3777 presentibus
751 3710 823 3757 eam
851 3689 971 3756 litteris
996 3691 1057 3756 sub
1082 3687 1207 3774 duplici

88 3813 189 3872 nostro
203 3801 315 3886 sigillo
332 3806 488 3886 perpetuo
505 3800 742 3865 confirmamus.
769 3798 891 3863 Datum
916 3794 951 3862 in
976 3794 1105 3882 Segust,
1121 3815 1208 3862 anno

89 3911 254 3979 Dominice
269 3906 511 3976 Incarnationis
528 3906 623 3974 MCC.
640 3905 909 3990 quadragresimo
926 3903 1079 3990 secundo,
1100 3903 1205 3987 Regni

89 4038 157 4088 vcro
172 4018 275 4088 nostri
292 4037 377 4084 anno
393 4022 517 4084 octavo.

171 4216 334 4280 (Tkalraica,
352 4214 476 4267 Monam.
495 4213 560 4264 hist.
580 4213 673 4278 Epiro.
692 4211 889 4278 zagrabiensia
907 4210 929 4261 Ι.
948 4211 1008 4260 ket.
1030 4214 1072 4263 tc.
1091 4209 1121 4276 l.)
