3116 5178
0 4823 36 4860 ’,ᾗ
67 4835 140 4849 mann.

852 401 1012 518 cs-

366 609 632 703 pruisquam
650 610 854 683 audientiam
873 621 1017 681 nostram
1029 613 1069 681 de
1084 613 1204 700 Apulis
1219 612 1363 701 partibus
1385 611 1473 686 fidelis
1557 660 1558 705 3

366 722 483 791 relatio
495 720 635 810 protulit,
652 719 694 790 de
709 721 802 789 vobis
818 722 861 788 nd
875 742 933 789 nos
949 723 1144 790 turbationis
1169 723 1324 812 occassio,
1340 745 1408 792 oum
1422 725 1470 792 ud-

366 829 537 897 miratiouc
561 829 718 914 pervenit,
754 828 831 896 dum
847 850 905 917 pro
938 827 1095 895 fructibus
1128 828 1311 899 devotionis
1342 837 1374 896 et
1400 833 1472 916 fidei,

367 957 462 1022 quum
473 936 636 1006 Maiestati
651 935 772 1006 Nostro
782 935 917 1024 debetis,
933 938 1084 1006 aborsum
1101 937 1263 1024 opinionis
1279 942 1374 1028 bone,
1389 962 1473 1025 quem

260 1083 263 1090 ·
366 1044 487 1112 dudum
503 1043 545 1112 de
560 1045 652 1114 vobis
669 1065 928 1132 conceperamus,
961 1045 1092 1113 offertis.
1110 1045 1189 1113 Cum
1206 1047 1291 1114 enim
1312 1067 1353 1114 ex
1376 1069 1473 1136 recep-

365 1154 407 1222 tis
424 1152 550 1222 dnobus
570 1150 782 1220 humanitatis
804 1153 972 1242 exemplis,
988 1159 1020 1220 et
1033 1161 1213 1221 vestrorum
1240 1155 1389 1223 obsidum
1404 1157 1474 1224 dnti-

365 1283 438 1348 one,
453 1263 569 1330 fideles
584 1263 688 1330 nostri
705 1262 746 1330 de
762 1263 874 1349 Regno
900 1261 997 1331 tidem
1022 1284 1042 1330 a
1069 1261 1162 1330 vobis
1187 1263 1285 1347 plene
1312 1265 1352 1330 de
1377 1263 1472 1332 debito

365 1369 549 1438 securitatis
565 1377 751 1458 expectent3
772 1371 921 1439 nonnulli
941 1393 982 1440 ex
998 1371 1090 1439 vobis
1116 1373 1175 1439 sub
1202 1373 1387 1440 velamento
1408 1371 1474 1438 fide·

366 1479 445 1545 lium
460 1498 518 1564 per
534 1477 652 1564 Apulis
669 1477 864 1545 maritimam
881 1476 1110 1566 discurrentes,
1129 1479 1304 1565 piraticam
1324 1478 1358 1544 in
1381 1477 1471 1562 regni·

366 1587 454 1654 colas
471 1585 583 1653 fideles
614 1592 742 1652 nostros
773 1593 934 1674 exercent,
969 1593 1001 1653 et
1032 1605 1095 1668 qno
1128 1587 1233 1671 magis
1263 1606 1424 1654 moremur
1450 1593 1477 1652 ct

365 1693 505 1778 dignius,
521 1694 669 1762 roccella
697 1693 886 1779 specialiter
916 1693 1107 1778 navigantis
1138 1714 1210 1760 curn
1243 1697 1342 1762 rebus
1371 1693 1475 1761 nostris

365 1801 542 1885 offendunt,
561 1801 693 1868 mutatis
709 1801 744 1868 in
777 1801 841 1868 biis
872 1801 1057 1868 victricibus
1089 1800 1275 1885 aquilarum
1310 1808 1473 1869 nostrarum

366 1909 525 1994 insigniis,
551 1917 587 1975 ut
618 1908 810 1994 navigantes
836 1908 999 1993 intrepide
1024 1909 1155 1978 dolosas
1181 1911 1327 1996 ipsorum
1355 1907 1476 1975 insidias

366 2037 432 2084 non
450 2016 580 2086 evitent.
605 2017 683 2085 Cum
710 2016 820 2102 igitur,
847 2015 933 2083 sicut
956 2035 1015 2100 pro
1042 2025 1128 2084 certo
1153 2025 1311 2102 tenemus,
1339 2014 1477 2084 committi

364 2124 511 2210 predicta
526 2145 590 2191 non
607 2122 750 2210 ualeant,
777 2123 854 2207 quin
870 2123 952 2210 ipsis
970 2122 1177 2207 cognitentia
1203 2132 1317 2192 vestra
1341 2124 1392 2190 vel
1414 2143 1474 2190 cou-

364 2252 479 2300 sensus
496 2231 641 2318 accedat,
672 2229 833 2299 devotioni
859 2237 968 2299 vestre
994 2233 1198 2318 mandamns,
1226 2232 1380 2316 quatinus
1403 2229 1475 2295 insrs

363 2339 396 2405 ll
438 2357 566 2406 meuses
596 2357 617 2404 a
652 2337 836 2423 receptione
868 2338 1065 2423 presentium
1096 2339 1331 2428 numerandos,
1347 2338 1475 2422 dompne

364 2467 502 2532 quoque,
522 2465 585 2530 que
606 2445 676 2530 Vgo
697 2445 738 2512 de
757 2447 843 2512 billa
859 2445 1016 2530 Magister
1032 2445 1224 2514 Procurator
1240 2447 1341 2515 Curie
1357 2444 1389 2510 in
1404 2444 1475 2530 Apu·

363 2556 410 2622 liu
426 2551 530 2621 fidelis
556 2559 666 2620 noster
692 2574 750 2640 per
774 2553 900 2622 litteras
927 2573 1006 2621 suas
1041 2554 1134 2621 robis
1158 2555 1314 2636 ascribet,
1339 2554 1426 2621 nobis
1448 2557 1475 2615 et

363 2661 535 2747 regnicolis
554 2661 706 2731 fidelibus
722 2663 839 2730 nostris
855 2663 959 2745 illata,
977 2661 1104 2730 sociatis
1120 2661 1291 2730 cumomni
1303 2661 1474 2745 integritate

362 2770 498 2838 restitui.
513 2769 629 2849 Scitnr,
646 2770 734 2852 quod
750 2770 779 2836 si
796 2770 829 2836 iu
861 2770 1005 2855 presenti
1026 2767 1180 2837 mandato
1210 2777 1325 2838 nostro
1350 2789 1411 2835 non
1433 2766 1472 2831 ls-

364 2879 426 2947 erit
441 2899 461 2945 a
477 2877 569 2947 uobis
586 2875 695 2945 debita
712 2877 937 2946 satisfactione
957 2878 1131 2966 provisum,
1151 2878 1300 2946 fidelibus
1329 2877 1476 2946 nostriset

363 2989 455 3056 nobis
474 2986 573 3071 digne
591 2986 822 3055 mandabimus
855 2987 923 3056 iore
955 2995 1092 3055 cautum.
1125 2987 1208 3053 Date
1239 2987 1333 3073 apud
1364 2987 1473 3069 Aquam

362 3097 572 3180 Pendentem,
587 3095 678 3163 Xlll.
696 3095 808 3164 Marcii
825 3095 866 3162 II.
885 3095 1108 3165 indictitionis.

473 3295 612 3360 (Eredetie
630 3295 814 3362 bb'rhdrtydn,
833 3313 849 3348 a
868 3296 941 3348 becci
962 3295 1081 3348 cseszari
1095 3294 1184 3349 titirus
1198 3292 1394 3358 leveltarbsn.)

792 3585 1058 3600 ffi-

890 4115 966 4192 239.

363 4314 477 4385 Iolcon
493 4316 628 4408 acipro'di
638 4320 825 4409 pltoptileaelc
841 4322 1039 4413 Dreuobyuu
1055 4325 1213 4413 belpodpot
1229 4323 1382 4424 tcirpposd
1411 4319 1478 4386 udo·

361 4431 484 4512 acopo
498 4427 681 4497 Brocbraoi
695 4429 793 4495 Morio
809 4454 921 4517 comes,
945 4431 1094 4500 Brocbun
1116 4433 1172 4516 fio
1201 4435 1360 4498 ετάηιάνα.
1387 4426 1476 4496 1244.

470 4622 655 4711 Stephanus
671 4621 733 4693 Dei
749 4625 862 4709 gracia
878 4627 1058 4715 Episcopus
1074 4629 1306 4714 Zagrabiensis
1337 4624 1476 4696 omnibns

366 4736 535 4828 presentes
550 4729 672 4804 litteris
687 4732 882 4820 inspecturis
908 4736 1047 4808 salutem
1075 4736 1109 4802 in
1140 4756 1217 4808 uero
1247 4735 1395 4808 salubri.
1431 4726 1476 4800 sl
