3184 5186
92 1265 231 1336 Ssador
246 1269 360 1339 albuin
376 1275 407 1340 ds
422 1272 773 1361 adprdbifliiapdaaalr
799 1285 831 1341 et
846 1279 897 1343 lvi
927 1279 1038 1346 lizedet
1069 1280 1223 1364 ldrpyoad

91 1378 281 1446 ite'letlcnele
297 1405 318 1445 a
334 1382 471 1468 adprn'bi
486 1383 657 1468 captatus,
673 1405 689 1446 s
706 1382 838 1451 Halala
854 1407 953 1452 comen
969 1390 1001 1454 ds
1015 1389 1111 1473 clipei
1136 1390 1218 1453 ledat.

611 1490 707 1554 1256.

201 1683 270 1749 Nos
284 1683 438 1767 Magister
452 1681 674 1772 A(lexander)
691 1686 876 1755 Vioebanus
892 1696 925 1756 et
950 1687 1067 1756 Comes
1098 1691 1218 1774 Zagra-

13 1887 14 1890 ¹
92 1790 233 1877 biensis,
264 1793 417 1860 memorie
448 1793 711 1862 commendantes
741 1803 851 1863 tenore
882 1797 1088 1881 presencium
1113 1803 1222 1864 notum

93 1897 238 1965 iacimus
254 1899 371 1982 quibus
387 1901 521 1987 expedit
551 1903 715 1971 uniuersis
737 1901 848 1987 :quod
878 1923 949 1970 eum
982 1904 1106 1988 questio
1137 1913 1225 1972 mota

13 2017 14 2028 ¹
94 2007 216 2073 luisset
245 2007 331 2073 inter
361 2005 547 2094 Capitulum
580 2010 802 2094 Zagrabiense
818 2032 914 2098 super
930 2010 1063 2079 decimis
1079 2013 1223 2096 quinque

13 2109 15 2200 J
92 2134 256 2180 annorum
273 2133 313 2181 ex
329 2122 422 2197 paule
437 2114 579 2182 Hoholdi
595 2114 730 2184 Comitis
761 2123 793 2184 et
823 2117 1013 2204 populorum
1038 2137 1177 2205 suorum,
1195 2121 1227 2185 et
1243 2175 1246 2182 .

13 2221 15 2314 ζ
93 2222 136 2290 de
168 2228 261 2288 terra
290 2222 518 2304 generacionis
550 2224 629 2292 Curi
672 2225 947 2313 provenientibus,
990 2232 1022 2291 et
1052 2225 1226 2291 secundum

13 2329 15 2418 ζ
94 2328 302 2398 sentenciam
332 2326 456 2398 Judicis
487 2332 562 2398 aule
593 2332 703 2417 Regis,
735 2337 913 2399 memorato
944 2332 1093 2399 Hoholdo
1109 2331 1227 2399 Comiti

13 2425 15 2530 ξ
96 2439 318 2503 iuramentum
334 2435 450 2504 luisset
466 2436 686 2505 adiudicatum
704 2457 800 2524 super
816 2459 863 2524 co,
895 2439 981 2522 quod
999 2438 1082 2505 idem
1108 2437 1227 2506 Hohol-

13 2531 15 2560 '
95 2543 158 2611 dus
176 2541 294 2610 Comes
309 2541 521 2612 decimatores
538 2545 641 2632 ipsius
656 2544 800 2631 Capituli
816 2567 837 2612 a
855 2545 1006 2614 dicendis
1039 2545 1173 2614 decimis
1198 2553 1230 2613 ct

13 2663 15 2722 l
96 2650 275 2737 exigendis
290 2651 432 2736 propriis
456 2653 646 2739 populorum
663 2672 805 2738 suorum,
823 2660 855 2720 ot
870 2653 911 2718 de
928 2660 1015 2720 terra
1040 2652 1227 2735 generacio-

13 2781 15 2840 ξ
97 2761 151 2827 nis
182 2757 265 2824 Gari
297 2777 362 2824 non
392 2758 635 2844 impedivisset3
669 2765 702 2826 ct
733 2781 790 2846 pro
822 2765 916 2846 parte
941 2759 1230 2848 Capituli,Petrus

99 2865 336 2950 Zagrabiensis
366 2873 399 2932 el
429 2868 544 2934 Petrus
575 2866 802 2935 Camarccnsis
843 2864 1073 2934 archidiaconi
1118 2869 1228 2935 iurare

99 2974 295 3043 debuissent
310 2993 409 3058 super
425 2971 560 3041 decimis
576 2975 719 3059 quinque
736 2994 901 3041 annornm
920 2994 977 3059 per
992 2973 1095 3060 ipsum
1112 2974 1231 3041 Hohol-

100 3083 179 3149 dum
211 3079 368 3147 Comitem
400 3079 581 3168 denegatis,
599 3103 681 3167 quas
708 3080 807 3150 iidem
823 3080 1058 3148 Archidiaconi
1072 3083 1232 3148 laxabant

102 3189 148 3256 ad
165 3208 325 3255 summam
341 3187 593 3270 qrringentarum
608 3209 794 3276 pensarum,
812 3196 844 3255 et
859 3188 921 3256 boo
936 3189 970 3254 in
996 3189 1129 3255 decimis
1160 3210 1231 3274 pro·

103 3296 186 3384 priis
218 3294 351 3362 Comitis
380 3293 531 3380 Hoholdi,
564 3297 757 3383 populorum
773 3318 914 3383 snorum,
931 3303 962 3363 et
978 3296 1019 3363 de
1035 3303 1121 3363 terra
1137 3314 1232 3383 gene·

13 3443 15 3462 ›
104 3403 252 3471 racionis
261 3395 346 3468 'Gari
365 3404 399 3469 in
416 3403 574 3488 frugibus,
593 3405 677 3488 rino,
693 3405 819 3489 apibus,
835 3404 976 3490 gallinis,
993 3403 1095 3491 kytin,
1120 3401 1233 3470 suellis

13 3539 15 3550 ·
106 3519 143 3580 et
157 3509 254 3596 agnis
279 3509 461 3597 denegatis,
478 3517 509 3575 et
525 3509 671 3595 prodicta
687 3511 869 3578 iuramenta
886 3509 1077 3578 debuissent
1092 3509 1234 3596 prestari

106 3617 273 3703 Zagrabie
291 3615 378 3703 apud
394 3616 566 3684 ecclesiam
583 3619 737 3685 maiorem
756 3637 862 3685 coram
879 3618 985 3685 nobis.
1011 3617 1096 3686 Loco
1127 3624 1233 3686 antem

107 3737 143 3796 et
171 3724 309 3793 termino
334 3723 527 3812 constitutis,
558 3724 652 3792 nobis
683 3724 899 3792 mediantibus
932 3724 1009 3792 talis
1026 3728 1109 3792 inter
1125 3732 1236 3811 partes

109 3833 287 3902 conuenoio
328 3829 527 3899 interuenit:
568 3836 604 3898 nt
634 3830 750 3898 Comes
781 3831 951 3898 liuboldus
981 3834 1086 3900 solvet
1127 3853 1237 3899 omnes

109 3943 257 4010 decimas
272 3959 351 4006 suas
368 3942 518 4025 proprias
534 3939 673 4028 frugum,
692 3941 871 4026 uinearum,
898 3943 1088 4028 populorum
1106 3961 1235 4008 suorum

13 4117 15 4134 ,
112 4059 146 4119 et
161 4046 349 4136 specialiter
366 4046 405 4114 de
422 4052 508 4114 terra
524 4047 749 4132 generacionis
773 4047 862 4136 Curi,
880 4049 937 4114 tali
955 4049 1070 4133 modo;
1095 4048 1178 4133 quod
1197 4048 1238 4116 do

13 4135 15 4243 ξ
111 4157 251 4240 singulis
268 4155 373 4224 vineis
390 4155 567 4223 maioribus
585 4161 617 4222 et
633 4156 811 4223 minoribns
829 4157 910 4223 duos
927 4157 1061 4224 cubulos
1077 4155 1157 4243 uini,
1174 4177 1233 4241 pro

13 4261 15 4348 ξ
113 4264 240 4334 decima
270 4261 404 4350 capacia
435 4263 563 4348 frugum
580 4283 678 4330 uuum
710 4262 877 4330 denarium
900 4264 1085 4349 persoluere
1102 4268 1238 4330 tenetur.

114 4374 151 4440 Si
175 4377 296 4457 autom,
314 4367 443 4437 domino
460 4369 649 4449 auxiliante,
667 4370 862 4438 solucionem
879 4371 1075 4438 decimarum
1094 4373 1124 4437 in
1143 4371 1240 4453 frugi·

115 4484 176 4550 bus
208 4487 241 4546 et
257 4478 361 4546 uineis
377 4478 411 4544 in
427 4479 487 4545 illa
508 4477 672 4565 prouincia
688 4479 856 4563 contingat
870 4481 1086 4566 augmentari,
1113 4480 1239 4546 solvere

13 4655 15 4666 ,,
114 4587 278 4656 tenebitur
294 4585 468 4656 sacrandum
484 4585 571 4672 quod
589 4585 646 4652 alii
661 4587 953 4674 comprovinciales
969 4589 1165 4675 persolvent,
1177 4606 1241 4653 non

13 4733 15 4774 ÷
118 4697 267 4766 obstante
298 4695 516 4769 convencione
529 4695 594 4764 iam
611 4695 782 4788 premissa.
800 4697 907 4788 Kytns
922 4703 954 4766 et
970 4697 1114 4786 gallinas
1132 4696 1238 4768 soluel
