3206 5184
793 277 964 400 ‚aa

308 488 449 576 vendite,
466 487 593 558 seilicet
609 486 738 573 ttieuto,
765 488 865 556 Mieou
891 481 936 556 et'
949 487 1148 572 Stephanus,
1173 486 1233 554 filii
1248 486 1390 573 Ninnium,
1409 489 1445 555 et

308 597 540 681 consanguinei
574 594 788 682 venditorum,
818 597 947 664 scilieet
977 595 1114 681 (tharne,
1146 613 1249 682 nepos
1282 593 1441 682 Bulezod,

309 695 415 794 Irrrie,
433 703 604 791 Georgius,
623 703 774 788 Gemina,
792 703 941 772 iwaneeh
958 713 991 771 et
1014 703 1185 790 Drogoyk,
1212 704 1268 788 qni
1295 702 1445 772 vendici-

310 833 404 880 onem
435 813 557 879 factam
589 829 750 879 consensu
775 833 833 880 ono
849 812 1046 880 unanimiter
1061 807 1261 880 ratifioaoteo
1275 812 1440 898 approba·

312 929 398 988 runt.
416 919 516 988 Ouios
534 927 620 988 terre
635 921 742 1005 prima
758 929 853 1008 meta,
870 922 956 992 siout
985 928 1097 1006 partes
1129 921 1221 988 nobie
1244 921 1437 1004 retuterunt,

313 1029 427 1114 incipit
458 1029 491 1096 in
524 1029 639 1098 arbore
671 1030 766 1096 narsa
798 1031 889 1098 iuxta
921 1031 1027 1115 ripam
1057 1029 1146 1097 florii
1163 1029 1336 1115 Zepniohe,
1353 1029 1440 1096 etin

311 1136 424 1204 eodem
439 1123 537 1204 fluvio
554 1135 718 1223 Zepniotre
734 1133 825 1204 radit
840 1137 990 1225 nuperius
1009 1133 1042 1206 et
1057 1137 1224 1222 perveniet
1255 1137 1289 1204 in
1318 1136 1439 1221 locum,

310 1244 365 1312 ubi
395 1245 459 1313 duo
491 1245 581 1312 fluvii
611 1245 774 1331 Zepniohe
805 1244 925 1314 eadunt
957 1247 990 1313 in
1008 1267 1116 1333 uuum,
1132 1253 1164 1313 et
1178 1244 1225 1313 ibi
1241 1247 1308 1314 exit
1323 1263 1444 1313 verona

312 1353 470 1422 orientem
486 1355 530 1421 ad
560 1360 679 1420 metam
712 1360 861 1441 terream,
894 1373 956 1438 que
988 1364 1038 1424 cut
1068 1358 1129 1424 cub
1161 1360 1284 1441 monte;
1316 1351 1442 1421 abinde

311 1461 459 1528 ascendit
489 1461 610 1528 directe
634 1459 677 1529 ad
707 1469 856 1546 montem,
889 1467 922 1530 et
952 1464 1120 1548 perveniet
1150 1461 1193 1530 ad
1223 1463 1319 1532 finem
1343 1462 1446 1530 rinee

311 1568 488 1654 Braninlai,
504 1567 690 1652 iobagionis
707 1569 795 1637 Petri
817 1568 977 1656 (tantoris,
994 1570 1130 1641 indeed
1146 1579 1266 1639 metam
1282 1575 1445 1652 terream;

311 1677 404 1745 illino
422 1676 567 1744 declinat
582 1675 626 1744 ad
642 1684 766 1762 partem
784 1676 1049 1768 meridionalem,
1067 1686 1099 1750 et
1115 1700 1171 1770 par
1187 1675 1446 1764 promontorium

312 1785 518 1870 procedendo
547 1783 714 1854 deseendit
736 1785 778 1852 ad
797 1793 914 1854 metam
933 1793 1081 1874 terream,
1112 1797 1146 1856 et
1160 1788 1206 1856 ibi
1220 1786 1336 1856 transit
1350 1784 1443 1854 riam

313 1913 377 1978 que
407 1893 497 1960 ducit
512 1893 556 1960 ad
588 1891 758 1992 ecetesiam
791 1893 906 1960 Sancti
940 1893 1029 1964 Petri
1045 1915 1102 1983 per
1117 1895 1276 1964 modicum
1291 1896 1445 1982 spacium

312 2001 355 2067 ad
371 2009 491 2070 metam
506 2009 657 2088 terream,
676 2000 750 2067 hino
766 2000 931 2070 reducitur
955 2002 999 2070 ad
1023 2004 1163 2092 priorem
1180 2010 1306 2091 metam,
1333 2010 1366 2071 et
1392 2003 1443 2072 ibi

312 2109 513 2178 terminatur.
529 2109 648 2177 Datum
663 2110 835 2196 Zagrabia,
851 2108 933 2176 feria
949 2111 1063 2196 quinta
1077 2113 1227 2200 proxima
1242 2119 1317 2200 post
1332 2111 1433 2183 domi·

311 2217 419 2286 nicam
435 2217 565 2304 Letare,
582 2237 668 2286 anno
685 2218 816 2285 Domini
833 2219 1038 2289 nocuum.

431 2415 595 2486 (Tkalosios,
615 2417 740 2472 Monum.
761 2417 828 2474 hiet.
847 2419 940 2489 Epiro.
960 2419 1075 2490 Zagrab.
1097 2420 1120 2476 1.
1140 2419 1199 2475 tot.
1222 2425 1280 2476 140.
1290 2423 1332 2489 Ἰ.)

743 2707 1011 2726 Β--ι-υ-ι--ι--ι

842 3237 917 3329 tuo.
988 3316 994 3325 .

314 3443 364 3524 ria
380 3453 475 3526 orodi
490 3459 713 3545 lociptoloauolr
728 3459 1002 3544 bizoupaipleveie,
1018 3454 1101 3544 kopp
1118 3448 1260 3523 Achillea
1285 3450 1446 3524 Otrrdnat

304 3569 356 3652 flu
381 3568 564 3636 Varadrrd-e'
578 3568 788 3634 raozbirtolco't
804 3566 1003 3630 rokouua'uuk
1031 3563 1159 3652 Ompud
1185 3567 1220 3633 e'a
1247 3565 1446 3633 Fabiuunck

760 3677 877 3742 eladae
902 3677 997 3744 1269.
1023 3679 1026 3686 ’

317 3875 353 3938 (Α
372 3874 438 3942 gros
453 3874 542 3944 Ziolry
560 3875 654 3928 caalad
674 3870 868 3941 Okmanytrira
886 3875 909 3926 1.
922 3875 981 3926 luit.
1004 3879 1043 3927 19.
1063 3875 1081 3928 i.
1102 3873 1241 3942 veghoryi
1266 3873 1357 3927 Danao
1378 3872 1445 3928 kei:-

811 3963 959 4030 lemenya.)

746 4251 1014 4268 h--u—-ffl-t
