3182 5200
631 271 792 408 pe„

144 523 215 572 rum
233 521 366 571 snorum
381 501 470 570 bona
486 503 636 590 exempla
654 504 787 591 imitari,
814 501 995 570 doctrinam
1015 495 1152 588 'quoqne
1168 523 1267 591 opere

141 611 339 701 propensius
356 610 485 680 studeat
495 611 687 700 adimplere,
704 620 814 680 tamen
826 612 1129 696 quiaquornmdam
1145 613 1272 679 moder·

146 741 262 788 norum
278 719 323 785 ad
339 720 461 786 bonum
477 721 573 805 pigra
589 719 632 786 ad
649 721 770 786 malum
780 739 855 786 vero
865 739 970 806 prona
980 719 1146 786 subtilitas
1157 720 1268 804 prede·

145 848 316 897 oessornm
347 848 479 894 suorum
495 829 583 895 iusta
599 827 722 896 iudioia
747 830 935 895 subvertere
951 831 983 895 et
997 827 1099 894 bonos
1116 835 1207 895 aetus
1224 831 1265 894 si-

143 937 251 1004 nistra
267 935 537 1020 interpretatione
553 935 685 1001 molitur
701 935 901 1020 extinguere,
914 915 1079 1002 dilectioni
1090 943 1196 1003 vestre
1213 934 1273 1003 du·'

141 1046 252 1110 ximus
266 1041 494 1124 intimandnm,
525 1039 610 1126 quod
628 1041 871 1128 procuraeionis
890 1037 999 1108 nostre
1015 1048 1161 1128 tempore
1177 1043 1262 1110 inter

141 1151 226 1218 duos
242 1149 495 1237 oiviles,seilioet
512 1151 682 1218 Deseislou
699 1157 732 1217 et
747 1153 885 1234 Drama,
901 1157 935 1218 et
951 1150 1156 1218 Dominioum
1174 1169 1269 1216 vene·

140 1259 279 1352 rabilem
297 1257 530 1351 Zagrabiensis
545 1257 691 1325 Eeolesie
707 1257 904 1344 Episcopum
921 1278 979 1343 pro
997 1265 1082 1325 terro
1098 1255 1267 1323 ouiusdam

139 1359 400 1450 predii‚{nomine
411 1363 578 1450 Kemenie,
589 1371 662 1430 orta
674 1370 723 1430 est
734 1364 908 1432 dissensio.
925 1365 1174 1450 Requirentibus
1185 1365 1271 1431 euim

139 1471 296 1559 prediotis
312 1470 466 1539 civilibus
480 1477 601 1537 terram
634 1471 724 1537 illam
741 1472 775 1537 in
791 1471 947 1557 peseneia
962 1480 1086 1560 nostra,
1101 1473 1265 1558 Episcopo

138 1600 271 1667 quoque
287 1600 353 1645 non
369 1600 480 1647 eorum
496 1579 555 1648 sed
572 1600 666 1647 suam
684 1601 758 1648 esse
774 1587 952 1668 asserente,
970 1601 1028 1648 nos
1040 1600 1171 1647 eausam
1184 1579 1268 1646 ordi·
1357 1605 1358 1608 ¹

137 1710 183 1756 ne
199 1689 355 1756 eanonioo
372 1684 562 1766 decidentes
578 1686 702 1757 duobus
720 1686 896 1755 Canoniels
906 1695 1005 1772 atque
1015 1687 1266 1754 Arohidiaeonis

137 1794 376 1880 Zagrabiensis
391 1793 549 1875 Ecclesie,
566 1793 692 1862 seilicet
707 1795 836 1861 Barano
854 1801 887 1860 et
897 1794 1074 1880 Timporio,
1095 1795 1267 1878 tribusque

139 1902 328 1972 Corialibus
353 1901 531 1988 (inmitibus
547 1902 694 1970 sellioet:
726 1903 819 1968 Tiwa
836 1901 876 1968 de
891 1901 1021 1982 wasers,
1053 1897 1205 1967 Miohaell
1222 1899 1263 1966 de

136 2013 336 2096 Domburou,
353 2011 492 2077 Martiae
510 2008 550 2077 de
566 2010 722 2078 Kemenie
737 2030 835 2096 super
850 2009 920 2092 hoo,
938 2007 1024 2092 quod
1040 2029 1104 2074 non
1115 2008 1261 2076 civilium

137 2120 201 2188 sed
216 2117 371 2206 Episcopi
387 2123 474 2184 terra
490 2123 586 2202 esset,
599 2123 836 2185 odoramentum
852 2116 1037 2183 indiximus.
1053 2115 1198 2200 deeepto
1215 2133 1267 2182 ve·

136 2251 175 2296 ro
193 2231 235 2295 ab
252 2228 300 2294 eis
315 2235 531 2314 sacramento,
546 2225 693 2312 predium
719 2227 802 2295 illud
817 2226 945 2294 soilioet
960 2224 1130 2310 Komeoie,
1148 2245 1170 2292 a·
1186 2223 1264 2299 dua·

134 2336 200 2404 dus
230 2337 294 2405 viis
334 2336 515 2404 eoniunetis
547 2356 649 2420 usqne
687 2336 731 2403 ad
767 2336 907 2404 rivulum
933 2335 988 2402 nbi
1019 2336 1118 2405 habet
1148 2342 1267 2402 metam

135 2444 387 2534 terre‚.deinde
420 2444 507 2510 ultra
548 2451 688 2512 montem
726 2465 829 2530 usque
865 2443 907 2510 ad
944 2443 1095 2530 fluvium,
1136 2443 1268 2510 nomine

134 2552 307 2637 Rogoziee,
324 2552 446 2620 deinde
465 2552 624 2637 usquead
640 2552 740 2620 alium
765 2553 907 2639 fiuvium,
926 2551 978 2618 oui
994 2572 1111 2620 nornen
1127 2554 1274 2635 Begoes·

132 2681 157 2727 a
172 2662 326 2745 Bogooea
342 2668 450 2728 autem
467 2680 525 2744 per
535 2666 686 2747 montem,
712 2660 767 2746 qui
778 2663 884 2728 Trabs
900 2662 1086 2747 appellatur
1102 2659 1264 2742 usquead

133 2778 235 2855 eaput
267 2768 363 2836 unius
395 2767 501 2854 vallis,
541 2788 604 2852 que
635 2768 754 2835 dieitur
784 2769 1025 2854 Jasoonovina,
1048 2766 1263 2851 Zagrabiensi

129 2876 301 2965 Episcopo
326 2896 384 2961 per
408 2895 523 2943 manus
548 2875 683 2944 duorum
711 2875 943 2961 pristaldorum
976 2881 1167 2961 nostrorum,
1206 2875 1265 2941 soi·

131 2988 219 3061 lieet¹
244 2985 346 3051 Ysani
363 2982 504 3052 Cerialis
521 2983 656 3052 Comitis
674 2983 716 3050 de
729 2985 806 3051 Kris
823 2991 855 3050 et
869 2983 982 3069 Bonei,
1009 2983 1260 3066 assignavimus.
1286 3069 1290 3076 ‚

132 3097 180 3163 Ut
202 3093 306 3177 igitur
322 3093 417 3160 huius
434 3093 517 3160 iuste
533 3092 790 3160 examinacionis
805 3091 973 3160 sentencia
990 3098 1146 3177 perpetue
1163 3093 1260 3159 stabi·
1354 3109 1358 3114 ·

134 3203 241 3271 litatis
259 3200 377 3269 robore
391 3201 556 3287 fulciatur,
574 3201 700 3268 litteras
717 3199 891 3286 superbae
907 3200 1143 3266 testimoniales
1158 3198 1261 3280 sigilli

134 3311 241 3378 nostri
273 3309 453 3376 munimine
478 3307 717 3392 insignivimus.
750 3309 906 3375 Veientes
922 3315 955 3374 et
971 3306 1198 3392 precipientes,
1222 3326 1264 3372 ne

135 3420 209 3501 quis
226 3419 307 3484 huie
323 3419 478 3484 canonice
494 3416 714 3484 observationi
725 3437 807 3484 ausu
819 3415 991 3483 temerario
1007 3419 1173 3500 presumat
1190 3433 1263 3479 eon-

131 3527 252 3608 traire3
278 3525 309 3591 si
322 3525 397 3608 qais
413 3531 521 3592 autem
539 3523 646 3592 faeere
665 3523 916 3611 attemptaverit,
936 3525 1044 3590 animo
1063 3543 1120 3590 sue
1137 3522 1262 3607 perieu-

130 3635 200 3702 lum
216 3641 249 3702 et
260 3634 395 3719 dignam
406 3634 467 3700 Dei
484 3632 647 3700 uloionum
664 3634 843 3702 vindictam
855 3633 1027 3700 sonaverit
1043 3633 1259 3698 incursurum.

250 3813 254 3823 '
318 3831 465 3895 (stercore,
485 3833 608 3883 nonum.
629 3832 727 3882 tristor.
749 3832 868 3897 magron.
889 3831 910 3880 1.
930 3831 988 3880 noo.
1010 3834 1032 3879 e.
1054 3829 1083 3893 a)
