<?xml version="1.0" encoding="UTF-8"?>
<!DOCTYPE html PUBLIC "-//W3C//DTD XHTML 1.0 Transitional//EN"
    "http://www.w3.org/TR/xhtml1/DTD/xhtml1-transitional.dtd">
<html xmlns="http://www.w3.org/1999/xhtml" xml:lang="en" lang="en">
 <head>
  <title>
</title>
<meta http-equiv="Content-Type" content="text/html;charset=utf-8" />
  <meta name='ocr-system' content='tesseract 3.04.00' />
  <meta name='ocr-capabilities' content='ocr_page ocr_carea ocr_par ocr_line ocrx_word'/>
</head>
<body>
  <div class='ocr_page' id='page_1' title='image "./codexdiplomatic01wenzgoog_0068.png"; bbox 0 0 3228 5198; ppageno 0'>
   <div class='ocr_carea' id='block_1_1' title="bbox 788 277 990 376">
    <p class='ocr_par' dir='ltr' id='par_1_1' title="bbox 788 277 990 376">
     <span class='ocr_line' id='line_1_1' title="bbox 788 277 990 376; baseline -0.01 0"><span class='ocrx_word' id='word_1_1' title='bbox 788 277 791 285; x_wconf 72' lang='grc'><em>’</em></span> <span class='ocrx_word' id='word_1_2' title='bbox 831 279 990 376; x_wconf 51' lang='lat' dir='ltr'><strong>A-</strong></span> 
     </span>
    </p>
   </div>
   <div class='ocr_carea' id='block_1_2' title="bbox 345 471 1515 2370">
    <p class='ocr_par' dir='ltr' id='par_1_2' title="bbox 345 471 1515 2370">
     <span class='ocr_line' id='line_1_2' title="bbox 345 471 1486 560; baseline 0.004 -24"><span class='ocrx_word' id='word_1_3' title='bbox 345 472 518 557; x_wconf 83' lang='lat' dir='ltr'><strong>adiuuari,</strong></span> <span class='ocrx_word' id='word_1_4' title='bbox 550 477 585 539; x_wconf 92' lang='lat' dir='ltr'><strong>et</strong></span> <span class='ocrx_word' id='word_1_5' title='bbox 613 471 881 540; x_wconf 68' lang='lat' dir='ltr'><strong>instantissimam</strong></span> <span class='ocrx_word' id='word_1_6' title='bbox 913 471 1110 557; x_wconf 73' lang='lat' dir='ltr'><strong>peticionem</strong></span> <span class='ocrx_word' id='word_1_7' title='bbox 1144 471 1343 538; x_wconf 85' lang='lat' dir='ltr'><strong>venerabilis</strong></span> <span class='ocrx_word' id='word_1_8' title='bbox 1374 473 1486 560; x_wconf 81' lang='lat' dir='ltr'><strong>patris</strong></span> 
     </span>
     <span class='ocr_line' id='line_1_3' title="bbox 347 575 1481 666; baseline 0.004 -22"><span class='ocrx_word' id='word_1_9' title='bbox 347 579 413 646; x_wconf 85' lang='lat' dir='ltr'><strong>mei</strong></span> <span class='ocrx_word' id='word_1_10' title='bbox 428 577 610 666; x_wconf 85' lang='lat' dir='ltr'><strong>spiritualis</strong></span> <span class='ocrx_word' id='word_1_11' title='bbox 624 575 800 660; x_wconf 61' lang='lat' dir='ltr'><strong>Laurencij,</strong></span> <span class='ocrx_word' id='word_1_12' title='bbox 814 577 1071 665; x_wconf 84' lang='lat' dir='ltr'><strong>Aroblepisccpi,</strong></span> <span class='ocrx_word' id='word_1_13' title='bbox 1088 581 1122 644; x_wconf 92' lang='lat' dir='ltr'><strong>et</strong></span> <span class='ocrx_word' id='word_1_14' title='bbox 1131 577 1303 646; x_wconf 86' lang='lat' dir='ltr'><strong>multorum</strong></span> <span class='ocrx_word' id='word_1_15' title='bbox 1314 578 1481 648; x_wconf 87' lang='lat' dir='ltr'><strong>nobilium</strong></span> 
     </span>
     <span class='ocr_line' id='line_1_4' title="bbox 349 677 1480 772; baseline 0.001 -19"><span class='ocrx_word' id='word_1_16' title='bbox 349 705 479 753; x_wconf 86' lang='lat' dir='ltr'><strong>suorum</strong></span> <span class='ocrx_word' id='word_1_17' title='bbox 496 683 613 752; x_wconf 88' lang='lat' dir='ltr'><strong>ciuium</strong></span> <span class='ocrx_word' id='word_1_18' title='bbox 630 683 672 752; x_wconf 89' lang='lat' dir='ltr'><strong>de</strong></span> <span class='ocrx_word' id='word_1_19' title='bbox 686 683 834 772; x_wconf 82' lang='lat' dir='ltr'><strong>Spalato,</strong></span> <span class='ocrx_word' id='word_1_20' title='bbox 849 703 992 752; x_wconf 87' lang='lat' dir='ltr'><strong>meorum</strong></span> <span class='ocrx_word' id='word_1_21' title='bbox 1008 677 1200 752; x_wconf 86' lang='lat' dir='ltr'><strong>dilecturum</strong></span> <span class='ocrx_word' id='word_1_22' title='bbox 1234 683 1389 772; x_wconf 88' lang='lat' dir='ltr'><strong>fidelium,</strong></span> <span class='ocrx_word' id='word_1_23' title='bbox 1420 689 1480 770; x_wconf 90' lang='lat' dir='ltr'><strong>qui</strong></span> 
     </span>
     <span class='ocr_line' id='line_1_5' title="bbox 348 790 1478 878; baseline 0.004 -23"><span class='ocrx_word' id='word_1_24' title='bbox 348 811 489 860; x_wconf 83' lang='lat' dir='ltr'><strong>ruscum</strong></span> <span class='ocrx_word' id='word_1_25' title='bbox 506 790 619 860; x_wconf 89' lang='lat' dir='ltr'><strong>eodem</strong></span> <span class='ocrx_word' id='word_1_26' title='bbox 637 811 750 860; x_wconf 89' lang='lat' dir='ltr'><strong>eornm</strong></span> <span class='ocrx_word' id='word_1_27' title='bbox 765 791 895 876; x_wconf 80' lang='lat' dir='ltr'>presule</span> <span class='ocrx_word' id='word_1_28' title='bbox 910 790 990 856; x_wconf 90' lang='lat' dir='ltr'><strong>mibi</strong></span> <span class='ocrx_word' id='word_1_29' title='bbox 1006 811 1141 876; x_wconf 88' lang='lat' dir='ltr'><strong>grauem</strong></span> <span class='ocrx_word' id='word_1_30' title='bbox 1172 791 1347 874; x_wconf 74' lang='lat' dir='ltr'><strong>querellam</strong></span> <span class='ocrx_word' id='word_1_31' title='bbox 1378 811 1478 878; x_wconf 81' lang='lat' dir='ltr'><strong>expo</strong></span> 
     </span>
     <span class='ocr_line' id='line_1_6' title="bbox 347 896 1481 985; baseline 0.004 -21"><span class='ocrx_word' id='word_1_32' title='bbox 347 904 492 982; x_wconf 90' lang='lat' dir='ltr'><strong>suerunt,</strong></span> <span class='ocrx_word' id='word_1_33' title='bbox 506 897 592 982; x_wconf 89' lang='lat' dir='ltr'><strong>quod</strong></span> <span class='ocrx_word' id='word_1_34' title='bbox 609 906 741 984; x_wconf 89' lang='lat' dir='ltr'><strong>propter</strong></span> <span class='ocrx_word' id='word_1_35' title='bbox 766 898 894 984; x_wconf 87' lang='lat' dir='ltr'><strong>copiam</strong></span> <span class='ocrx_word' id='word_1_36' title='bbox 925 896 1078 968; x_wconf 82' lang='lat' dir='ltr'><strong>diffusam</strong></span> <span class='ocrx_word' id='word_1_37' title='bbox 1111 899 1303 967; x_wconf 89' lang='lat' dir='ltr'><strong>animalium</strong></span> <span class='ocrx_word' id='word_1_38' title='bbox 1334 899 1481 985; x_wconf 86' lang='lat' dir='ltr'><strong>ipsorum</strong></span> 
     </span>
     <span class='ocr_line' id='line_1_7' title="bbox 345 1004 1481 1096; baseline 0.004 -25"><span class='ocrx_word' id='word_1_39' title='bbox 345 1005 470 1072; x_wconf 74' lang='lat' dir='ltr'><strong>muium</strong></span> <span class='ocrx_word' id='word_1_40' title='bbox 483 1013 516 1073; x_wconf 89' lang='lat' dir='ltr'><strong>et</strong></span> <span class='ocrx_word' id='word_1_41' title='bbox 531 1005 707 1089; x_wconf 89' lang='lat' dir='ltr'><strong>hominum,</strong></span> <span class='ocrx_word' id='word_1_42' title='bbox 734 1024 774 1072; x_wconf 91' lang='lat' dir='ltr'><strong>ac</strong></span> <span class='ocrx_word' id='word_1_43' title='bbox 805 1005 957 1072; x_wconf 83' lang='lat' dir='ltr'><strong>villarum</strong></span> <span class='ocrx_word' id='word_1_44' title='bbox 988 1005 1134 1073; x_wconf 90' lang='lat' dir='ltr'><strong>eiusdem</strong></span> <span class='ocrx_word' id='word_1_45' title='bbox 1165 1004 1415 1096; x_wconf 68' lang='lat' dir='ltr'><strong>archiepiscopi</strong></span> <span class='ocrx_word' id='word_1_46' title='bbox 1445 1017 1481 1076; x_wconf 89' lang='lat' dir='ltr'><strong>et</strong></span> 
     </span>
     <span class='ocr_line' id='line_1_8' title="bbox 350 1110 1480 1197; baseline 0.005 -21"><span class='ocrx_word' id='word_1_47' title='bbox 350 1111 497 1180; x_wconf 81' lang='lat' dir='ltr'><strong>Ecclesie</strong></span> <span class='ocrx_word' id='word_1_48' title='bbox 511 1131 569 1179; x_wconf 90' lang='lat' dir='ltr'><strong>suc</strong></span> <span class='ocrx_word' id='word_1_49' title='bbox 585 1111 736 1197; x_wconf 75' lang='lat' dir='ltr'><strong>pannulos</strong></span> <span class='ocrx_word' id='word_1_50' title='bbox 752 1110 949 1179; x_wconf 78' lang='lat' dir='ltr'><strong>sufficientes</strong></span> <span class='ocrx_word' id='word_1_51' title='bbox 964 1110 1085 1194; x_wconf 87' lang='lat' dir='ltr'><strong>habere</strong></span> <span class='ocrx_word' id='word_1_52' title='bbox 1102 1113 1281 1195; x_wconf 85' lang='lat' dir='ltr'><strong>nequibant</strong></span> <span class='ocrx_word' id='word_1_53' title='bbox 1305 1111 1411 1181; x_wconf 88' lang='lat' dir='ltr'><strong>libere</strong></span> <span class='ocrx_word' id='word_1_54' title='bbox 1440 1114 1480 1182; x_wconf 90' lang='lat' dir='ltr'><strong>in</strong></span> 
     </span>
     <span class='ocr_line' id='line_1_9' title="bbox 347 1217 1479 1303; baseline 0.005 -20"><span class='ocrx_word' id='word_1_55' title='bbox 347 1235 421 1286; x_wconf 88' lang='lat' dir='ltr'><strong>meo</strong></span> <span class='ocrx_word' id='word_1_56' title='bbox 436 1219 552 1303; x_wconf 84' lang='lat' dir='ltr'><strong>Regali</strong></span> <span class='ocrx_word' id='word_1_57' title='bbox 568 1217 735 1302; x_wconf 88' lang='lat' dir='ltr'><strong>Districtu,</strong></span> <span class='ocrx_word' id='word_1_58' title='bbox 751 1239 789 1285; x_wconf 92' lang='lat' dir='ltr'><strong>eo</strong></span> <span class='ocrx_word' id='word_1_59' title='bbox 805 1219 890 1303; x_wconf 88' lang='lat' dir='ltr'><strong>quod</strong></span> <span class='ocrx_word' id='word_1_60' title='bbox 907 1218 1056 1287; x_wconf 89' lang='lat' dir='ltr'><strong>homiues</strong></span> <span class='ocrx_word' id='word_1_61' title='bbox 1073 1226 1106 1286; x_wconf 89' lang='lat' dir='ltr'><strong>et</strong></span> <span class='ocrx_word' id='word_1_62' title='bbox 1120 1218 1237 1288; x_wconf 79' lang='lat' dir='ltr'><strong>villani</strong></span> <span class='ocrx_word' id='word_1_63' title='bbox 1253 1217 1352 1286; x_wconf 81' lang='lat' dir='ltr'><strong>vieini</strong></span> <span class='ocrx_word' id='word_1_64' title='bbox 1386 1222 1479 1289; x_wconf 71' lang='lat' dir='ltr'><strong>villa</strong></span> 
     </span>
     <span class='ocr_line' id='line_1_10' title="bbox 350 1325 1480 1413; baseline 0.003 -22"><span class='ocrx_word' id='word_1_65' title='bbox 350 1345 422 1393; x_wconf 89' lang='lat' dir='ltr'><strong>rum</strong></span> <span class='ocrx_word' id='word_1_66' title='bbox 437 1325 585 1394; x_wconf 82' lang='lat' dir='ltr'><strong>Ecclesie</strong></span> <span class='ocrx_word' id='word_1_67' title='bbox 609 1333 785 1394; x_wconf 90' lang='lat' dir='ltr'><strong>memorate</strong></span> <span class='ocrx_word' id='word_1_68' title='bbox 811 1325 1031 1394; x_wconf 79' lang='lat' dir='ltr'><strong>molestabant</strong></span> <span class='ocrx_word' id='word_1_69' title='bbox 1062 1336 1094 1394; x_wconf 87' lang='lat' dir='ltr'><strong>et</strong></span> <span class='ocrx_word' id='word_1_70' title='bbox 1124 1327 1358 1413; x_wconf 84' lang='lat' dir='ltr'><strong>perturbabant</strong></span> <span class='ocrx_word' id='word_1_71' title='bbox 1388 1328 1480 1395; x_wconf 91' lang='lat' dir='ltr'><strong>ciues</strong></span> 
     </span>
     <span class='ocr_line' id='line_1_11' title="bbox 350 1431 1480 1519; baseline 0.004 -21"><span class='ocrx_word' id='word_1_72' title='bbox 350 1432 527 1518; x_wconf 85' lang='lat' dir='ltr'><strong>prediatus,</strong></span> <span class='ocrx_word' id='word_1_73' title='bbox 543 1440 575 1500; x_wconf 89' lang='lat' dir='ltr'><strong>et</strong></span> <span class='ocrx_word' id='word_1_74' title='bbox 590 1431 739 1500; x_wconf 89' lang='lat' dir='ltr'><strong>homines</strong></span> <span class='ocrx_word' id='word_1_75' title='bbox 755 1440 787 1500; x_wconf 90' lang='lat' dir='ltr'><strong>et</strong></span> <span class='ocrx_word' id='word_1_76' title='bbox 802 1431 944 1501; x_wconf 86' lang='lat' dir='ltr'><strong>villanos</strong></span> <span class='ocrx_word' id='word_1_77' title='bbox 959 1433 1064 1518; x_wconf 85' lang='lat' dir='ltr'><strong>ipsius</strong></span> <span class='ocrx_word' id='word_1_78' title='bbox 1079 1433 1327 1517; x_wconf 81' lang='lat' dir='ltr'><strong>Arcbiepiscopi</strong></span> <span class='ocrx_word' id='word_1_79' title='bbox 1345 1437 1480 1519; x_wconf 88' lang='lat' dir='ltr'><strong>pascuis</strong></span> 
     </span>
     <span class='ocr_line' id='line_1_12' title="bbox 351 1539 1515 1626; baseline 0 -20"><span class='ocrx_word' id='word_1_80' title='bbox 351 1559 410 1625; x_wconf 91' lang='lat' dir='ltr'><strong>per</strong></span> <span class='ocrx_word' id='word_1_81' title='bbox 425 1539 586 1623; x_wconf 84' lang='lat' dir='ltr'><strong>predictos</strong></span> <span class='ocrx_word' id='word_1_82' title='bbox 603 1547 715 1608; x_wconf 89' lang='lat' dir='ltr'><strong>contra</strong></span> <span class='ocrx_word' id='word_1_83' title='bbox 729 1539 904 1624; x_wconf 88' lang='lat' dir='ltr'><strong>priuilegia</strong></span> <span class='ocrx_word' id='word_1_84' title='bbox 934 1539 1161 1626; x_wconf 77' lang='lat' dir='ltr'><strong>donacionem,</strong></span> <span class='ocrx_word' id='word_1_85' title='bbox 1189 1559 1228 1608; x_wconf 90' lang='lat' dir='ltr'><strong>ac</strong></span> <span class='ocrx_word' id='word_1_86' title='bbox 1255 1540 1479 1608; x_wconf 84' lang='lat' dir='ltr'><strong>confirmacio·</strong></span> <span class='ocrx_word' id='word_1_87' title='bbox 1513 1547 1515 1551; x_wconf 82' lang='grc'>’</span> 
     </span>
     <span class='ocr_line' id='line_1_13' title="bbox 353 1647 1479 1733; baseline -0.002 -21"><span class='ocrx_word' id='word_1_88' title='bbox 353 1667 429 1714; x_wconf 91' lang='lat' dir='ltr'><strong>nem</strong></span> <span class='ocrx_word' id='word_1_89' title='bbox 444 1647 685 1730; x_wconf 87' lang='lat' dir='ltr'><strong>progenitorum</strong></span> <span class='ocrx_word' id='word_1_90' title='bbox 703 1667 856 1733; x_wconf 88' lang='lat' dir='ltr'><strong>meorum,</strong></span> <span class='ocrx_word' id='word_1_91' title='bbox 873 1647 1043 1731; x_wconf 85' lang='lat' dir='ltr'><strong>presertim</strong></span> <span class='ocrx_word' id='word_1_92' title='bbox 1068 1647 1220 1713; x_wconf 87' lang='lat' dir='ltr'><strong>villarum</strong></span> <span class='ocrx_word' id='word_1_93' title='bbox 1247 1654 1346 1730; x_wconf 89' lang='lat' dir='ltr'><strong>atque</strong></span> <span class='ocrx_word' id='word_1_94' title='bbox 1377 1653 1479 1714; x_wconf 89' lang='lat' dir='ltr'><strong>terra·</strong></span> 
     </span>
     <span class='ocr_line' id='line_1_14' title="bbox 351 1751 1478 1839; baseline -0.001 -21"><span class='ocrx_word' id='word_1_95' title='bbox 351 1775 423 1820; x_wconf 89' lang='lat' dir='ltr'><strong>rum</strong></span> <span class='ocrx_word' id='word_1_96' title='bbox 440 1751 629 1838; x_wconf 84' lang='lat' dir='ltr'><strong>Serenuine,</strong></span> <span class='ocrx_word' id='word_1_97' title='bbox 646 1751 761 1838; x_wconf 76' lang='lat' dir='ltr'><strong>(lethe,</strong></span> <span class='ocrx_word' id='word_1_98' title='bbox 778 1752 916 1838; x_wconf 82' lang='lat' dir='ltr'><strong>(lagare,</strong></span> <span class='ocrx_word' id='word_1_99' title='bbox 932 1753 1019 1839; x_wconf 87' lang='lat' dir='ltr'><strong>Osic,</strong></span> <span class='ocrx_word' id='word_1_100' title='bbox 1036 1752 1162 1836; x_wconf 76' lang='lat' dir='ltr'><strong>Debris,</strong></span> <span class='ocrx_word' id='word_1_101' title='bbox 1181 1752 1478 1839; x_wconf 84' lang='lat' dir='ltr'><strong>Dlanone,Vallari</strong></span> 
     </span>
     <span class='ocr_line' id='line_1_15' title="bbox 351 1859 1480 1945; baseline -0.003 -16"><span class='ocrx_word' id='word_1_102' title='bbox 351 1870 386 1929; x_wconf 92' lang='lat' dir='ltr'><strong>et</strong></span> <span class='ocrx_word' id='word_1_103' title='bbox 402 1863 568 1945; x_wconf 79' lang='lat' dir='ltr'><strong>Cremene,</strong></span> <span class='ocrx_word' id='word_1_104' title='bbox 585 1881 649 1944; x_wconf 92' lang='lat' dir='ltr'><strong>que</strong></span> <span class='ocrx_word' id='word_1_105' title='bbox 665 1859 772 1944; x_wconf 89' lang='lat' dir='ltr'><strong>posite</strong></span> <span class='ocrx_word' id='word_1_106' title='bbox 788 1867 864 1926; x_wconf 90' lang='lat' dir='ltr'><strong>suut</strong></span> <span class='ocrx_word' id='word_1_107' title='bbox 880 1859 966 1926; x_wconf 89' lang='lat' dir='ltr'><strong>iulra</strong></span> <span class='ocrx_word' id='word_1_108' title='bbox 992 1867 1117 1926; x_wconf 90' lang='lat' dir='ltr'><strong>montes</strong></span> <span class='ocrx_word' id='word_1_109' title='bbox 1142 1861 1289 1944; x_wconf 79' lang='lat' dir='ltr'><strong>Massari,</strong></span> <span class='ocrx_word' id='word_1_110' title='bbox 1322 1879 1383 1926; x_wconf 89' lang='lat' dir='ltr'><strong>uec</strong></span> <span class='ocrx_word' id='word_1_111' title='bbox 1413 1877 1480 1926; x_wconf 90' lang='lat' dir='ltr'><strong>non</strong></span> 
     </span>
     <span class='ocr_line' id='line_1_16' title="bbox 352 1967 1479 2056; baseline 0 -22"><span class='ocrx_word' id='word_1_112' title='bbox 352 1968 504 2035; x_wconf 84' lang='lat' dir='ltr'><strong>uillarum</strong></span> <span class='ocrx_word' id='word_1_113' title='bbox 522 1976 554 2036; x_wconf 90' lang='lat' dir='ltr'><strong>et</strong></span> <span class='ocrx_word' id='word_1_114' title='bbox 568 1975 725 2035; x_wconf 87' lang='lat' dir='ltr'><strong>terrarum</strong></span> <span class='ocrx_word' id='word_1_115' title='bbox 741 1967 855 2035; x_wconf 86' lang='lat' dir='ltr'><strong>Sancti</strong></span> <span class='ocrx_word' id='word_1_116' title='bbox 871 1967 1005 2050; x_wconf 80' lang='lat' dir='ltr'><strong>Georgii</strong></span> <span class='ocrx_word' id='word_1_117' title='bbox 1020 1969 1062 2034; x_wconf 88' lang='lat' dir='ltr'><strong>de</strong></span> <span class='ocrx_word' id='word_1_118' title='bbox 1077 1968 1204 2056; x_wconf 84' lang='lat' dir='ltr'><strong>Patale,</strong></span> <span class='ocrx_word' id='word_1_119' title='bbox 1231 1969 1356 2051; x_wconf 76' lang='lat' dir='ltr'><strong>coslus,</strong></span> <span class='ocrx_word' id='word_1_120' title='bbox 1385 1967 1479 2034; x_wconf 82' lang='lat' dir='ltr'><strong>Lina·</strong></span> 
     </span>
     <span class='ocr_line' id='line_1_17' title="bbox 353 2072 1480 2160; baseline -0.001 -20"><span class='ocrx_word' id='word_1_121' title='bbox 353 2075 409 2160; x_wconf 90' lang='lat' dir='ltr'><strong>nij,</strong></span> <span class='ocrx_word' id='word_1_122' title='bbox 426 2073 576 2160; x_wconf 90' lang='lat' dir='ltr'><strong>Ostrogh,</strong></span> <span class='ocrx_word' id='word_1_123' title='bbox 594 2073 706 2158; x_wconf 82' lang='lat' dir='ltr'><strong>Bloch,</strong></span> <span class='ocrx_word' id='word_1_124' title='bbox 723 2093 795 2139; x_wconf 86' lang='lat' dir='ltr'><strong>cum</strong></span> <span class='ocrx_word' id='word_1_125' title='bbox 811 2079 879 2139; x_wconf 92' lang='lat' dir='ltr'><strong>toto</strong></span> <span class='ocrx_word' id='word_1_126' title='bbox 896 2109 939 2121; x_wconf 90' lang='lat'><strong>--</strong></span> <span class='ocrx_word' id='word_1_127' title='bbox 951 2108 990 2120; x_wconf 91' lang='lat'><em>-</em></span> <span class='ocrx_word' id='word_1_128' title='bbox 1003 2109 1047 2121; x_wconf 91' lang='lat'>-</span> <span class='ocrx_word' id='word_1_129' title='bbox 1059 2109 1101 2122; x_wconf 86' lang='lat'>-</span> <span class='ocrx_word' id='word_1_130' title='bbox 1118 2072 1210 2139; x_wconf 90' lang='lat' dir='ltr'><strong>cioue</strong></span> <span class='ocrx_word' id='word_1_131' title='bbox 1226 2075 1325 2140; x_wconf 84' lang='lat' dir='ltr'><strong>castri</strong></span> <span class='ocrx_word' id='word_1_132' title='bbox 1341 2073 1480 2158; x_wconf 85' lang='lat' dir='ltr'><strong>Albane,</strong></span> 
     </span>
     <span class='ocr_line' id='line_1_18' title="bbox 352 2177 1480 2268; baseline 0.003 -22"><span class='ocrx_word' id='word_1_133' title='bbox 352 2179 516 2248; x_wconf 86' lang='lat' dir='ltr'><strong>deosich</strong></span> <span class='ocrx_word' id='word_1_134' title='bbox 532 2186 565 2246; x_wconf 90' lang='lat' dir='ltr'><strong>et</strong></span> <span class='ocrx_word' id='word_1_135' title='bbox 582 2181 704 2267; x_wconf 87' lang='lat' dir='ltr'><strong>Smiue,</strong></span> <span class='ocrx_word' id='word_1_136' title='bbox 721 2177 862 2261; x_wconf 91' lang='lat' dir='ltr'><strong>quesite</strong></span> <span class='ocrx_word' id='word_1_137' title='bbox 878 2186 955 2246; x_wconf 90' lang='lat' dir='ltr'><strong>sunt</strong></span> <span class='ocrx_word' id='word_1_138' title='bbox 971 2180 1082 2247; x_wconf 90' lang='lat' dir='ltr'><strong>circha</strong></span> <span class='ocrx_word' id='word_1_139' title='bbox 1098 2188 1232 2268; x_wconf 88' lang='lat' dir='ltr'><strong>montes,</strong></span> <span class='ocrx_word' id='word_1_140' title='bbox 1258 2183 1292 2246; x_wconf 88' lang='lat' dir='ltr'><strong>iu</strong></span> <span class='ocrx_word' id='word_1_141' title='bbox 1318 2183 1480 2249; x_wconf 86' lang='lat' dir='ltr'><strong>montibus</strong></span> 
     </span>
     <span class='ocr_line' id='line_1_19' title="bbox 355 2285 1481 2370; baseline -0.001 -15"><span class='ocrx_word' id='word_1_142' title='bbox 355 2295 387 2355; x_wconf 88' lang='lat' dir='ltr'><strong>et</strong></span> <span class='ocrx_word' id='word_1_143' title='bbox 401 2291 462 2356; x_wconf 87' lang='lat' dir='ltr'><strong>sub</strong></span> <span class='ocrx_word' id='word_1_144' title='bbox 478 2288 639 2354; x_wconf 91' lang='lat' dir='ltr'><strong>montibus</strong></span> <span class='ocrx_word' id='word_1_145' title='bbox 654 2285 819 2370; x_wconf 89' lang='lat' dir='ltr'><strong>Dubraue,</strong></span> <span class='ocrx_word' id='word_1_146' title='bbox 838 2305 877 2351; x_wconf 91' lang='lat' dir='ltr'><strong>ac</strong></span> <span class='ocrx_word' id='word_1_147' title='bbox 894 2285 996 2351; x_wconf 88' lang='lat' dir='ltr'><strong>eciam</strong></span> <span class='ocrx_word' id='word_1_148' title='bbox 1013 2287 1177 2368; x_wconf 88' lang='lat' dir='ltr'><strong>villarum,</strong></span> <span class='ocrx_word' id='word_1_149' title='bbox 1192 2297 1225 2354; x_wconf 89' lang='lat' dir='ltr'><strong>et</strong></span> <span class='ocrx_word' id='word_1_150' title='bbox 1241 2287 1481 2356; x_wconf 86' lang='lat' dir='ltr'><strong>terrarumSto-</strong></span> 
     </span>
    </p>
   </div>
   <div class='ocr_carea' id='block_1_3' title="bbox 215 2391 1479 2479">
    <p class='ocr_par' dir='ltr' id='par_1_3' title="bbox 215 2391 1479 2479">
     <span class='ocr_line' id='line_1_20' title="bbox 215 2391 1479 2479; baseline -0.003 -18"><span class='ocrx_word' id='word_1_151' title='bbox 215 2428 219 2437; x_wconf 92' lang='lat'><strong>·</strong></span> <span class='ocrx_word' id='word_1_152' title='bbox 353 2395 404 2460; x_wconf 87' lang='lat' dir='ltr'><strong>len</strong></span> <span class='ocrx_word' id='word_1_153' title='bbox 420 2395 454 2460; x_wconf 94' lang='lat' dir='ltr'><strong>in</strong></span> <span class='ocrx_word' id='word_1_154' title='bbox 470 2393 598 2479; x_wconf 79' lang='lat' dir='ltr'><strong>(letina,</strong></span> <span class='ocrx_word' id='word_1_155' title='bbox 628 2391 831 2458; x_wconf 84' lang='lat' dir='ltr'><strong>Suduschiue</strong></span> <span class='ocrx_word' id='word_1_156' title='bbox 845 2395 879 2458; x_wconf 91' lang='lat' dir='ltr'><strong>iu</strong></span> <span class='ocrx_word' id='word_1_157' title='bbox 895 2393 1029 2474; x_wconf 77' lang='lat' dir='ltr'><strong>Clenna,</strong></span> <span class='ocrx_word' id='word_1_158' title='bbox 1046 2392 1264 2461; x_wconf 78' lang='lat' dir='ltr'><strong>Ecclesiarum</strong></span> <span class='ocrx_word' id='word_1_159' title='bbox 1282 2395 1305 2460; x_wconf 88' lang='lat' dir='ltr'>S</span> <span class='ocrx_word' id='word_1_160' title='bbox 1321 2429 1366 2442; x_wconf 89' lang='lat'><em>-</em></span> <span class='ocrx_word' id='word_1_161' title='bbox 1381 2433 1425 2444; x_wconf 89' lang='lat'><strong>—</strong></span> <span class='ocrx_word' id='word_1_162' title='bbox 1439 2433 1479 2442; x_wconf 96' lang='lat'><strong>—</strong></span> 
     </span>
    </p>
   </div>
   <div class='ocr_carea' id='block_1_4' title="bbox 355 2498 1482 2800">
    <p class='ocr_par' dir='ltr' id='par_1_4' title="bbox 355 2498 1482 2800">
     <span class='ocr_line' id='line_1_21' title="bbox 358 2498 1482 2589; baseline -0.001 -23"><span class='ocrx_word' id='word_1_163' title='bbox 358 2541 394 2552; x_wconf 89' lang='grc'>-</span> <span class='ocrx_word' id='word_1_164' title='bbox 417 2539 456 2550; x_wconf 93' lang='grc'>-</span> <span class='ocrx_word' id='word_1_165' title='bbox 474 2500 587 2568; x_wconf 84' lang='lat' dir='ltr'><strong>Sancti</strong></span> <span class='ocrx_word' id='word_1_166' title='bbox 603 2498 822 2585; x_wconf 75' lang='lat' dir='ltr'><strong>Stephani-</strong></span> <span class='ocrx_word' id='word_1_167' title='bbox 839 2537 881 2551; x_wconf 79' lang='lat'><em>-</em></span> <span class='ocrx_word' id='word_1_168' title='bbox 900 2539 940 2550; x_wconf 90' lang='lat'><em>-</em></span> <span class='ocrx_word' id='word_1_169' title='bbox 958 2537 1002 2547; x_wconf 94' lang='lat'>-</span> <span class='ocrx_word' id='word_1_170' title='bbox 1017 2500 1131 2589; x_wconf 81' lang='lat' dir='ltr'><strong>Sancti</strong></span> <span class='ocrx_word' id='word_1_171' title='bbox 1146 2500 1234 2567; x_wconf 91' lang='lat' dir='ltr'><strong>Petri</strong></span> <span class='ocrx_word' id='word_1_172' title='bbox 1252 2499 1294 2568; x_wconf 92' lang='lat' dir='ltr'><strong>de</strong></span> <span class='ocrx_word' id='word_1_173' title='bbox 1309 2499 1482 2585; x_wconf 82' lang='lat' dir='ltr'><strong>Olobucen,</strong></span> 
     </span>
     <span class='ocr_line' id='line_1_22' title="bbox 355 2607 1481 2693; baseline -0.004 -17"><span class='ocrx_word' id='word_1_174' title='bbox 355 2622 388 2676; x_wconf 88' lang='lat' dir='ltr'><strong>et</strong></span> <span class='ocrx_word' id='word_1_175' title='bbox 404 2609 541 2674; x_wconf 88' lang='lat' dir='ltr'><strong>aliarum</strong></span> <span class='ocrx_word' id='word_1_176' title='bbox 559 2607 710 2673; x_wconf 85' lang='lat' dir='ltr'><strong>villarum</strong></span> <span class='ocrx_word' id='word_1_177' title='bbox 727 2615 761 2674; x_wconf 91' lang='lat' dir='ltr'><strong>et</strong></span> <span class='ocrx_word' id='word_1_178' title='bbox 777 2611 934 2674; x_wconf 88' lang='lat' dir='ltr'><strong>terrarum</strong></span> <span class='ocrx_word' id='word_1_179' title='bbox 952 2615 1126 2674; x_wconf 91' lang='lat' dir='ltr'><strong>memorate</strong></span> <span class='ocrx_word' id='word_1_180' title='bbox 1143 2609 1290 2675; x_wconf 76' lang='lat' dir='ltr'><strong>Ecclesie</strong></span> <span class='ocrx_word' id='word_1_181' title='bbox 1308 2607 1481 2693; x_wconf 79' lang='lat' dir='ltr'><strong>spalaten·</strong></span> 
     </span>
     <span class='ocr_line' id='line_1_23' title="bbox 356 2714 1481 2800; baseline -0.003 -17"><span class='ocrx_word' id='word_1_182' title='bbox 356 2719 412 2799; x_wconf 88' lang='lat' dir='ltr'><strong>sie,</strong></span> <span class='ocrx_word' id='word_1_183' title='bbox 430 2735 512 2800; x_wconf 88' lang='lat' dir='ltr'><strong>quas</strong></span> <span class='ocrx_word' id='word_1_184' title='bbox 527 2714 656 2797; x_wconf 91' lang='lat' dir='ltr'><strong>quidem</strong></span> <span class='ocrx_word' id='word_1_185' title='bbox 673 2714 770 2782; x_wconf 85' lang='lat' dir='ltr'><strong>villas</strong></span> <span class='ocrx_word' id='word_1_186' title='bbox 787 2723 886 2798; x_wconf 88' lang='lat' dir='ltr'><strong>atque</strong></span> <span class='ocrx_word' id='word_1_187' title='bbox 902 2721 1006 2782; x_wconf 89' lang='lat' dir='ltr'><strong>terras</strong></span> <span class='ocrx_word' id='word_1_188' title='bbox 1022 2721 1054 2780; x_wconf 90' lang='lat' dir='ltr'><strong>et</strong></span> <span class='ocrx_word' id='word_1_189' title='bbox 1071 2715 1238 2782; x_wconf 79' lang='lat' dir='ltr'><strong>Ecclesiae</strong></span> <span class='ocrx_word' id='word_1_190' title='bbox 1248 2735 1320 2783; x_wconf 91' lang='lat' dir='ltr'><strong>cnm</strong></span> <span class='ocrx_word' id='word_1_191' title='bbox 1331 2714 1481 2780; x_wconf 89' lang='lat' dir='ltr'><strong>omnibus</strong></span> 
     </span>
    </p>
   </div>
   <div class='ocr_carea' id='block_1_5' title="bbox 356 2820 1598 2908">
    <p class='ocr_par' dir='ltr' id='par_1_5' title="bbox 356 2820 1598 2908">
     <span class='ocr_line' id='line_1_24' title="bbox 356 2820 1598 2908; baseline -0.002 -19"><span class='ocrx_word' id='word_1_192' title='bbox 356 2825 424 2890; x_wconf 89' lang='lat' dir='ltr'><strong>suis</strong></span> <span class='ocrx_word' id='word_1_193' title='bbox 439 2821 651 2908; x_wconf 80' lang='lat' dir='ltr'><strong>pertinenciJs</strong></span> <span class='ocrx_word' id='word_1_194' title='bbox 667 2828 699 2889; x_wconf 91' lang='lat' dir='ltr'><strong>et</strong></span> <span class='ocrx_word' id='word_1_195' title='bbox 714 2857 996 2873; x_wconf 50' lang='lat'><em>------</em></span> <span class='ocrx_word' id='word_1_196' title='bbox 1028 2842 1158 2889; x_wconf 86' lang='lat' dir='ltr'><strong>snorum</strong></span> <span class='ocrx_word' id='word_1_197' title='bbox 1184 2822 1388 2889; x_wconf 82' lang='lat' dir='ltr'><strong>durauerant</strong></span> <span class='ocrx_word' id='word_1_198' title='bbox 1420 2820 1482 2887; x_wconf 79' lang='lat' dir='ltr'><strong>Ec·</strong></span> <span class='ocrx_word' id='word_1_199' title='bbox 1596 2871 1598 2878; x_wconf 81' lang='grc'>.</span> 
     </span>
    </p>
   </div>
   <div class='ocr_carea' id='block_1_6' title="bbox 354 2927 1483 3014">
    <p class='ocr_par' dir='ltr' id='par_1_6' title="bbox 354 2927 1483 3014">
     <span class='ocr_line' id='line_1_25' title="bbox 354 2927 1483 3014; baseline -0.003 -19"><span class='ocrx_word' id='word_1_200' title='bbox 354 2928 454 2995; x_wconf 88' lang='lat' dir='ltr'><strong>clesie</strong></span> <span class='ocrx_word' id='word_1_201' title='bbox 469 2927 665 3014; x_wconf 72' lang='lat' dir='ltr'><strong>spalatensi,</strong></span> <span class='ocrx_word' id='word_1_202' title='bbox 680 2936 713 2996; x_wconf 91' lang='lat' dir='ltr'><strong>et</strong></span> <span class='ocrx_word' id='word_1_203' title='bbox 729 2927 798 3013; x_wconf 79' lang='lat' dir='ltr'><strong>Ego</strong></span> <span class='ocrx_word' id='word_1_204' title='bbox 814 2928 1002 2996; x_wconf 81' lang='lat' dir='ltr'><strong>confirmari</strong></span> <span class='ocrx_word' id='word_1_205' title='bbox 1018 2935 1052 2995; x_wconf 92' lang='lat' dir='ltr'><strong>et</strong></span> <span class='ocrx_word' id='word_1_206' title='bbox 1066 2929 1218 2995; x_wconf 86' lang='lat' dir='ltr'><strong>confirmo</strong></span> <span class='ocrx_word' id='word_1_207' title='bbox 1235 2928 1294 2994; x_wconf 90' lang='lat' dir='ltr'><strong>tibi</strong></span> <span class='ocrx_word' id='word_1_208' title='bbox 1310 2927 1483 3012; x_wconf 85' lang='lat' dir='ltr'><strong>Archiepi·</strong></span> 
     </span>
    </p>
   </div>
   <div class='ocr_carea' id='block_1_7' title="bbox 356 3023 1598 3122">
    <p class='ocr_par' dir='ltr' id='par_1_7' title="bbox 356 3023 1598 3122">
     <span class='ocr_line' id='line_1_26' title="bbox 356 3023 1598 3122; baseline -0.002 -20"><span class='ocrx_word' id='word_1_209' title='bbox 356 3055 465 3122; x_wconf 88' lang='lat' dir='ltr'><strong>scopo,</strong></span> <span class='ocrx_word' id='word_1_210' title='bbox 479 3034 607 3119; x_wconf 90' lang='lat' dir='ltr'><strong>tuisque</strong></span> <span class='ocrx_word' id='word_1_211' title='bbox 622 3034 874 3120; x_wconf 88' lang='lat' dir='ltr'><strong>successoribus,</strong></span> <span class='ocrx_word' id='word_1_212' title='bbox 892 3042 924 3100; x_wconf 90' lang='lat' dir='ltr'><strong>ct</strong></span> <span class='ocrx_word' id='word_1_213' title='bbox 939 3031 1087 3102; x_wconf 76' lang='lat' dir='ltr'><strong>Ecclesie</strong></span> <span class='ocrx_word' id='word_1_214' title='bbox 1102 3041 1280 3121; x_wconf 89' lang='lat' dir='ltr'><strong>prenotate,</strong></span> <span class='ocrx_word' id='word_1_215' title='bbox 1295 3053 1335 3100; x_wconf 88' lang='lat' dir='ltr'><strong>ac</strong></span> <span class='ocrx_word' id='word_1_216' title='bbox 1345 3055 1386 3102; x_wconf 89' lang='lat' dir='ltr'><strong>ex</strong></span> <span class='ocrx_word' id='word_1_217' title='bbox 1397 3053 1483 3101; x_wconf 87' lang='lat' dir='ltr'><strong>nona</strong></span> <span class='ocrx_word' id='word_1_218' title='bbox 1597 3023 1598 3028; x_wconf 55' lang='grc'>’</span> 
     </span>
    </p>
   </div>
   <div class='ocr_carea' id='block_1_8' title="bbox 356 3139 1484 3227">
    <p class='ocr_par' dir='ltr' id='par_1_8' title="bbox 356 3139 1484 3227">
     <span class='ocr_line' id='line_1_27' title="bbox 356 3139 1484 3227; baseline -0.002 -19"><span class='ocrx_word' id='word_1_219' title='bbox 356 3139 536 3209; x_wconf 89' lang='lat' dir='ltr'><strong>donacioue</strong></span> <span class='ocrx_word' id='word_1_220' title='bbox 551 3139 693 3209; x_wconf 89' lang='lat' dir='ltr'><strong>concedo</strong></span> <span class='ocrx_word' id='word_1_221' title='bbox 708 3141 742 3208; x_wconf 92' lang='lat' dir='ltr'><strong>iu</strong></span> <span class='ocrx_word' id='word_1_222' title='bbox 759 3147 960 3227; x_wconf 87' lang='lat' dir='ltr'><strong>perpetuum.</strong></span> <span class='ocrx_word' id='word_1_223' title='bbox 1001 3141 1042 3208; x_wconf 83' lang='lat' dir='ltr'><strong>Et</strong></span> <span class='ocrx_word' id='word_1_224' title='bbox 1058 3143 1140 3209; x_wconf 88' lang='lat' dir='ltr'><strong>adeo</strong></span> <span class='ocrx_word' id='word_1_225' title='bbox 1156 3143 1230 3211; x_wconf 86' lang='lat' dir='ltr'><strong>volo</strong></span> <span class='ocrx_word' id='word_1_226' title='bbox 1247 3161 1286 3209; x_wconf 90' lang='lat' dir='ltr'><strong>ac</strong></span> <span class='ocrx_word' id='word_1_227' title='bbox 1302 3141 1484 3210; x_wconf 89' lang='lat' dir='ltr'><strong>donacione</strong></span> 
     </span>
    </p>
   </div>
   <div class='ocr_carea' id='block_1_9' title="bbox 357 3248 1598 3338">
    <p class='ocr_par' dir='ltr' id='par_1_9' title="bbox 357 3248 1598 3338">
     <span class='ocr_line' id='line_1_28' title="bbox 357 3248 1598 3338; baseline -0.003 -20"><span class='ocrx_word' id='word_1_228' title='bbox 357 3258 523 3338; x_wconf 89' lang='lat' dir='ltr'><strong>perpetua,</strong></span> <span class='ocrx_word' id='word_1_229' title='bbox 538 3251 626 3335; x_wconf 91' lang='lat' dir='ltr'><strong>quod</strong></span> <span class='ocrx_word' id='word_1_230' title='bbox 642 3257 688 3336; x_wconf 91' lang='lat' dir='ltr'><strong>tu,</strong></span> <span class='ocrx_word' id='word_1_231' title='bbox 705 3257 738 3317; x_wconf 91' lang='lat' dir='ltr'><strong>et</strong></span> <span class='ocrx_word' id='word_1_232' title='bbox 753 3271 959 3318; x_wconf 86' lang='lat' dir='ltr'><strong>successores</strong></span> <span class='ocrx_word' id='word_1_233' title='bbox 975 3251 1185 3334; x_wconf 90' lang='lat' dir='ltr'><strong>hominesque</strong></span> <span class='ocrx_word' id='word_1_234' title='bbox 1216 3251 1273 3337; x_wconf 89' lang='lat' dir='ltr'><strong>tui,</strong></span> <span class='ocrx_word' id='word_1_235' title='bbox 1304 3255 1337 3315; x_wconf 88' lang='lat' dir='ltr'><strong>et</strong></span> <span class='ocrx_word' id='word_1_236' title='bbox 1365 3248 1485 3315; x_wconf 80' lang='lat' dir='ltr'><strong>villani</strong></span> <span class='ocrx_word' id='word_1_237' title='bbox 1596 3299 1598 3304; x_wconf 83' lang='lat'><em>.</em></span> 
     </span>
    </p>
   </div>
   <div class='ocr_carea' id='block_1_10' title="bbox 358 3355 1499 3872">
    <p class='ocr_par' dir='ltr' id='par_1_10' title="bbox 358 3355 1499 3872">
     <span class='ocr_line' id='line_1_29' title="bbox 358 3355 1483 3444; baseline -0.004 -18"><span class='ocrx_word' id='word_1_238' title='bbox 358 3359 507 3426; x_wconf 81' lang='lat' dir='ltr'><strong>villamm</strong></span> <span class='ocrx_word' id='word_1_239' title='bbox 523 3364 557 3425; x_wconf 93' lang='lat' dir='ltr'><strong>et</strong></span> <span class='ocrx_word' id='word_1_240' title='bbox 574 3357 732 3424; x_wconf 88' lang='lat' dir='ltr'><strong>dictarum</strong></span> <span class='ocrx_word' id='word_1_241' title='bbox 749 3365 919 3443; x_wconf 87' lang='lat' dir='ltr'><strong>terrarum,</strong></span> <span class='ocrx_word' id='word_1_242' title='bbox 937 3379 976 3426; x_wconf 88' lang='lat' dir='ltr'><strong>ac</strong></span> <span class='ocrx_word' id='word_1_243' title='bbox 992 3359 1093 3424; x_wconf 88' lang='lat' dir='ltr'><strong>eciam</strong></span> <span class='ocrx_word' id='word_1_244' title='bbox 1110 3357 1198 3426; x_wconf 89' lang='lat' dir='ltr'><strong>ciues</strong></span> <span class='ocrx_word' id='word_1_245' title='bbox 1213 3358 1260 3424; x_wconf 91' lang='lat' dir='ltr'><strong>tui</strong></span> <span class='ocrx_word' id='word_1_246' title='bbox 1271 3355 1483 3444; x_wconf 85' lang='lat' dir='ltr'><strong>Spalatcnses</strong></span> 
     </span>
     <span class='ocr_line' id='line_1_30' title="bbox 358 3460 1490 3552; baseline -0.004 -19"><span class='ocrx_word' id='word_1_247' title='bbox 358 3465 501 3533; x_wconf 88' lang='lat' dir='ltr'><strong>babeant</strong></span> <span class='ocrx_word' id='word_1_248' title='bbox 516 3469 709 3549; x_wconf 88' lang='lat' dir='ltr'><strong>potestatem</strong></span> <span class='ocrx_word' id='word_1_249' title='bbox 726 3472 757 3532; x_wconf 89' lang='lat' dir='ltr'><strong>et</strong></span> <span class='ocrx_word' id='word_1_250' title='bbox 772 3465 958 3533; x_wconf 83' lang='lat' dir='ltr'><strong>libertatem</strong></span> <span class='ocrx_word' id='word_1_251' title='bbox 974 3465 1131 3552; x_wconf 89' lang='lat' dir='ltr'><strong>pascendi</strong></span> <span class='ocrx_word' id='word_1_252' title='bbox 1147 3473 1179 3532; x_wconf 90' lang='lat' dir='ltr'><strong>et</strong></span> <span class='ocrx_word' id='word_1_253' title='bbox 1209 3460 1397 3550; x_wconf 85' lang='lat' dir='ltr'><strong>adaquandi</strong></span> <span class='ocrx_word' id='word_1_254' title='bbox 1428 3481 1490 3528; x_wconf 77' lang='lat' dir='ltr'><strong>ve-</strong></span> 
     </span>
     <span class='ocr_line' id='line_1_31' title="bbox 359 3570 1485 3658; baseline -0.001 -19"><span class='ocrx_word' id='word_1_255' title='bbox 359 3578 429 3639; x_wconf 84' lang='lat' dir='ltr'><strong>stra</strong></span> <span class='ocrx_word' id='word_1_256' title='bbox 443 3577 559 3638; x_wconf 89' lang='lat' dir='ltr'><strong>cuncta</strong></span> <span class='ocrx_word' id='word_1_257' title='bbox 574 3570 730 3638; x_wconf 89' lang='lat' dir='ltr'><strong>animalia</strong></span> <span class='ocrx_word' id='word_1_258' title='bbox 745 3571 779 3636; x_wconf 90' lang='lat' dir='ltr'><strong>iu</strong></span> <span class='ocrx_word' id='word_1_259' title='bbox 794 3571 952 3639; x_wconf 88' lang='lat' dir='ltr'><strong>Districtu</strong></span> <span class='ocrx_word' id='word_1_260' title='bbox 968 3592 1038 3639; x_wconf 90' lang='lat' dir='ltr'><strong>meo</strong></span> <span class='ocrx_word' id='word_1_261' title='bbox 1054 3573 1087 3638; x_wconf 91' lang='lat' dir='ltr'><strong>in</strong></span> <span class='ocrx_word' id='word_1_262' title='bbox 1104 3573 1259 3658; x_wconf 88' lang='lat' dir='ltr'><strong>pasculis,</strong></span> <span class='ocrx_word' id='word_1_263' title='bbox 1276 3572 1356 3640; x_wconf 86' lang='lat' dir='ltr'><strong>locis</strong></span> <span class='ocrx_word' id='word_1_264' title='bbox 1383 3571 1485 3639; x_wconf 90' lang='lat' dir='ltr'><strong>conti·</strong></span> 
     </span>
     <span class='ocr_line' id='line_1_32' title="bbox 359 3663 1499 3764; baseline 0.001 -20"><span class='ocrx_word' id='word_1_265' title='bbox 359 3677 433 3761; x_wconf 86' lang='lat' dir='ltr'><strong>guis</strong></span> <span class='ocrx_word' id='word_1_266' title='bbox 449 3697 489 3744; x_wconf 89' lang='lat' dir='ltr'><strong>ac</strong></span> <span class='ocrx_word' id='word_1_267' title='bbox 505 3677 620 3746; x_wconf 72' lang='lat' dir='ltr'><strong>meinis</strong></span> <span class='ocrx_word' id='word_1_268' title='bbox 637 3663 791 3745; x_wconf 82' lang='lat' dir='ltr'><strong>villarum</strong></span> <span class='ocrx_word' id='word_1_269' title='bbox 807 3685 840 3744; x_wconf 90' lang='lat' dir='ltr'><strong>et</strong></span> <span class='ocrx_word' id='word_1_270' title='bbox 856 3686 1013 3747; x_wconf 84' lang='lat' dir='ltr'><strong>terrarum</strong></span> <span class='ocrx_word' id='word_1_271' title='bbox 1029 3678 1178 3764; x_wconf 88' lang='lat' dir='ltr'><strong>predicte</strong></span> <span class='ocrx_word' id='word_1_272' title='bbox 1195 3679 1340 3746; x_wconf 75' lang='lat' dir='ltr'><strong>Ecclesie</strong></span> <span class='ocrx_word' id='word_1_273' title='bbox 1370 3679 1499 3764; x_wconf 79' lang='lat' dir='ltr'><strong>Spala-</strong></span> 
     </span>
     <span class='ocr_line' id='line_1_33' title="bbox 360 3781 1488 3872; baseline 0.003 -24"><span class='ocrx_word' id='word_1_274' title='bbox 360 3782 458 3850; x_wconf 89' lang='lat' dir='ltr'><strong>teusis</strong></span> <span class='ocrx_word' id='word_1_275' title='bbox 474 3783 545 3852; x_wconf 91' lang='lat' dir='ltr'><strong>siue</strong></span> <span class='ocrx_word' id='word_1_276' title='bbox 562 3781 824 3852; x_wconf 87' lang='lat' dir='ltr'><strong>contradiecione</strong></span> <span class='ocrx_word' id='word_1_277' title='bbox 855 3787 908 3854; x_wconf 86' lang='lat' dir='ltr'><strong>vel</strong></span> <span class='ocrx_word' id='word_1_278' title='bbox 940 3785 1078 3854; x_wconf 88' lang='lat' dir='ltr'><strong>dacione</strong></span> <span class='ocrx_word' id='word_1_279' title='bbox 1109 3787 1244 3853; x_wconf 86' lang='lat' dir='ltr'><strong>alicuius</strong></span> <span class='ocrx_word' id='word_1_280' title='bbox 1275 3804 1429 3872; x_wconf 88' lang='lat' dir='ltr'><strong>perscue;</strong></span> <span class='ocrx_word' id='word_1_281' title='bbox 1455 3793 1488 3852; x_wconf 89' lang='lat' dir='ltr'><strong>et</strong></span> 
     </span>
    </p>
   </div>
   <div class='ocr_carea' id='block_1_11' title="bbox 364 3889 1598 3977">
    <p class='ocr_par' dir='ltr' id='par_1_11' title="bbox 364 3889 1598 3977">
     <span class='ocr_line' id='line_1_34' title="bbox 364 3889 1598 3977; baseline 0.002 -20"><span class='ocrx_word' id='word_1_282' title='bbox 364 3889 534 3976; x_wconf 89' lang='lat' dir='ltr'><strong>presertim</strong></span> <span class='ocrx_word' id='word_1_283' title='bbox 551 3892 586 3958; x_wconf 92' lang='lat' dir='ltr'><strong>in</strong></span> <span class='ocrx_word' id='word_1_284' title='bbox 603 3889 786 3976; x_wconf 78' lang='lat' dir='ltr'><strong>Rossigliue</strong></span> <span class='ocrx_word' id='word_1_285' title='bbox 802 3913 874 3960; x_wconf 90' lang='lat' dir='ltr'><strong>meo</strong></span> <span class='ocrx_word' id='word_1_286' title='bbox 889 3893 1004 3977; x_wconf 87' lang='lat' dir='ltr'><strong>Regali</strong></span> <span class='ocrx_word' id='word_1_287' title='bbox 1020 3892 1179 3960; x_wconf 86' lang='lat' dir='ltr'><strong>territorio</strong></span> <span class='ocrx_word' id='word_1_288' title='bbox 1195 3893 1318 3976; x_wconf 90' lang='lat' dir='ltr'><strong>absque</strong></span> <span class='ocrx_word' id='word_1_289' title='bbox 1348 3892 1487 3960; x_wconf 88' lang='lat' dir='ltr'><strong>decima·</strong></span> <span class='ocrx_word' id='word_1_290' title='bbox 1597 3967 1598 3970; x_wconf 8' lang='grc' dir='ltr'><strong>Ἴ</strong></span> 
     </span>
    </p>
   </div>
   <div class='ocr_carea' id='block_1_12' title="bbox 358 3997 1489 4624">
    <p class='ocr_par' dir='ltr' id='par_1_12' title="bbox 358 3997 1489 4624">
     <span class='ocr_line' id='line_1_35' title="bbox 359 3997 1488 4088; baseline 0.002 -24"><span class='ocrx_word' id='word_1_291' title='bbox 359 3997 453 4065; x_wconf 88' lang='lat' dir='ltr'><strong>clune</strong></span> <span class='ocrx_word' id='word_1_292' title='bbox 468 4015 527 4065; x_wconf 90' lang='lat' dir='ltr'><strong>seu</strong></span> <span class='ocrx_word' id='word_1_293' title='bbox 543 3997 821 4088; x_wconf 88' lang='lat' dir='ltr'><strong>collectaaliqua,</strong></span> <span class='ocrx_word' id='word_1_294' title='bbox 847 4007 955 4085; x_wconf 86' lang='lat' dir='ltr'><strong>preter</strong></span> <span class='ocrx_word' id='word_1_295' title='bbox 987 3999 1141 4087; x_wconf 86' lang='lat' dir='ltr'><strong>decimas,</strong></span> <span class='ocrx_word' id='word_1_296' title='bbox 1173 4019 1256 4083; x_wconf 86' lang='lat' dir='ltr'><strong>quas</strong></span> <span class='ocrx_word' id='word_1_297' title='bbox 1288 4019 1345 4086; x_wconf 86' lang='lat' dir='ltr'><strong>per·</strong></span> <span class='ocrx_word' id='word_1_298' title='bbox 1376 3999 1488 4066; x_wconf 87' lang='lat' dir='ltr'><strong>omnia</strong></span> 
     </span>
     <span class='ocr_line' id='line_1_36' title="bbox 361 4107 1488 4192; baseline 0.004 -21"><span class='ocrx_word' id='word_1_299' title='bbox 361 4107 434 4173; x_wconf 89' lang='lat' dir='ltr'><strong>loca</strong></span> <span class='ocrx_word' id='word_1_300' title='bbox 449 4113 622 4192; x_wconf 86' lang='lat' dir='ltr'><strong>prenotata</strong></span> <span class='ocrx_word' id='word_1_301' title='bbox 637 4127 678 4173; x_wconf 87' lang='lat' dir='ltr'><strong>ex</strong></span> <span class='ocrx_word' id='word_1_302' title='bbox 695 4126 767 4174; x_wconf 92' lang='lat' dir='ltr'><strong>mea</strong></span> <span class='ocrx_word' id='word_1_303' title='bbox 783 4109 994 4176; x_wconf 89' lang='lat' dir='ltr'><strong>concessione</strong></span> <span class='ocrx_word' id='word_1_304' title='bbox 1009 4117 1041 4174; x_wconf 89' lang='lat' dir='ltr'><strong>et</strong></span> <span class='ocrx_word' id='word_1_305' title='bbox 1071 4127 1213 4174; x_wconf 89' lang='lat' dir='ltr'><strong>meorum</strong></span> <span class='ocrx_word' id='word_1_306' title='bbox 1243 4112 1488 4175; x_wconf 88' lang='lat' dir='ltr'><strong>antecessorum</strong></span> 
     </span>
     <span class='ocr_line' id='line_1_37' title="bbox 358 4199 1489 4302; baseline 0 -22"><span class='ocrx_word' id='word_1_307' title='bbox 358 4213 514 4298; x_wconf 82' lang='lat' dir='ltr'><strong>colligere</strong></span> <span class='ocrx_word' id='word_1_308' title='bbox 530 4199 672 4280; x_wconf 88' lang='lat' dir='ltr'><strong>debeant</strong></span> <span class='ocrx_word' id='word_1_309' title='bbox 687 4213 812 4298; x_wconf 85' lang='lat' dir='ltr'><strong>integre</strong></span> <span class='ocrx_word' id='word_1_310' title='bbox 828 4220 860 4280; x_wconf 92' lang='lat' dir='ltr'><strong>et</strong></span> <span class='ocrx_word' id='word_1_311' title='bbox 875 4213 1007 4302; x_wconf 85' lang='lat' dir='ltr'><strong>exigere</strong></span> <span class='ocrx_word' id='word_1_312' title='bbox 1032 4213 1120 4281; x_wconf 89' lang='lat' dir='ltr'><strong>idem</strong></span> <span class='ocrx_word' id='word_1_313' title='bbox 1151 4213 1422 4302; x_wconf 80' lang='lat' dir='ltr'><strong>Arcbiepiseupus</strong></span> <span class='ocrx_word' id='word_1_314' title='bbox 1454 4220 1489 4284; x_wconf 88' lang='lat' dir='ltr'><strong>et</strong></span> 
     </span>
     <span class='ocr_line' id='line_1_38' title="bbox 361 4319 1489 4409; baseline 0.004 -23"><span class='ocrx_word' id='word_1_315' title='bbox 361 4319 411 4386; x_wconf 89' lang='lat' dir='ltr'><strong>sui</strong></span> <span class='ocrx_word' id='word_1_316' title='bbox 428 4339 630 4388; x_wconf 75' lang='lat' dir='ltr'><strong>comessores</strong></span> <span class='ocrx_word' id='word_1_317' title='bbox 646 4322 718 4388; x_wconf 88' lang='lat' dir='ltr'><strong>eine</strong></span> <span class='ocrx_word' id='word_1_318' title='bbox 733 4320 996 4389; x_wconf 87' lang='lat' dir='ltr'><strong>contradiccione</strong></span> <span class='ocrx_word' id='word_1_319' title='bbox 1012 4322 1212 4409; x_wconf 86' lang='lat' dir='ltr'><strong>temporibus</strong></span> <span class='ocrx_word' id='word_1_320' title='bbox 1229 4321 1412 4408; x_wconf 87' lang='lat' dir='ltr'><strong>perpetuis;</strong></span> <span class='ocrx_word' id='word_1_321' title='bbox 1439 4320 1489 4390; x_wconf 84' lang='lat' dir='ltr'><strong>its</strong></span> 
     </span>
     <span class='ocr_line' id='line_1_39' title="bbox 362 4426 1489 4516; baseline 0.006 -27"><span class='ocrx_word' id='word_1_322' title='bbox 362 4431 482 4511; x_wconf 89' lang='lat' dir='ltr'><strong>tamen,</strong></span> <span class='ocrx_word' id='word_1_323' title='bbox 498 4426 586 4508; x_wconf 88' lang='lat' dir='ltr'><strong>quod</strong></span> <span class='ocrx_word' id='word_1_324' title='bbox 600 4428 748 4513; x_wconf 90' lang='lat' dir='ltr'><strong>predicta</strong></span> <span class='ocrx_word' id='word_1_325' title='bbox 763 4429 873 4496; x_wconf 89' lang='lat' dir='ltr'><strong>omnia</strong></span> <span class='ocrx_word' id='word_1_326' title='bbox 887 4436 921 4496; x_wconf 87' lang='lat' dir='ltr'><strong>tu</strong></span> <span class='ocrx_word' id='word_1_327' title='bbox 937 4436 970 4496; x_wconf 91' lang='lat' dir='ltr'><strong>et</strong></span> <span class='ocrx_word' id='word_1_328' title='bbox 985 4431 1033 4498; x_wconf 86' lang='lat' dir='ltr'><strong>tui</strong></span> <span class='ocrx_word' id='word_1_329' title='bbox 1049 4447 1264 4516; x_wconf 89' lang='lat' dir='ltr'><strong>successores,</strong></span> <span class='ocrx_word' id='word_1_330' title='bbox 1281 4436 1315 4497; x_wconf 90' lang='lat' dir='ltr'><strong>et</strong></span> <span class='ocrx_word' id='word_1_331' title='bbox 1337 4429 1489 4498; x_wconf 83' lang='lat' dir='ltr'><strong>Ecclesia</strong></span> 
     </span>
     <span class='ocr_line' id='line_1_40' title="bbox 359 4531 1487 4624; baseline 0.005 -24"><span class='ocrx_word' id='word_1_332' title='bbox 359 4531 567 4619; x_wconf 74' lang='lat' dir='ltr'><strong>spalatensis</strong></span> <span class='ocrx_word' id='word_1_333' title='bbox 582 4535 767 4621; x_wconf 84' lang='lat' dir='ltr'><strong>possideant</strong></span> <span class='ocrx_word' id='word_1_334' title='bbox 782 4535 915 4622; x_wconf 88' lang='lat' dir='ltr'><strong>pacidce</strong></span> <span class='ocrx_word' id='word_1_335' title='bbox 930 4544 964 4607; x_wconf 87' lang='lat' dir='ltr'><strong>et</strong></span> <span class='ocrx_word' id='word_1_336' title='bbox 978 4539 1097 4624; x_wconf 83' lang='lat' dir='ltr'><strong>quiete</strong></span> <span class='ocrx_word' id='word_1_337' title='bbox 1122 4537 1232 4624; x_wconf 86' lang='lat' dir='ltr'><strong>Siquis</strong></span> <span class='ocrx_word' id='word_1_338' title='bbox 1249 4557 1324 4606; x_wconf 84' lang='lat' dir='ltr'><strong>vero</strong></span> <span class='ocrx_word' id='word_1_339' title='bbox 1340 4536 1416 4604; x_wconf 90' lang='lat' dir='ltr'><strong>huic</strong></span> <span class='ocrx_word' id='word_1_340' title='bbox 1431 4537 1487 4606; x_wconf 88' lang='lat' dir='ltr'><strong>do·</strong></span> 
     </span>
    </p>
   </div>
   <div class='ocr_carea' id='block_1_13' title="bbox 0 0 1630 5188">
    <p class='ocr_par' dir='ltr' id='par_1_13' title="bbox 0 0 1630 5188">
     <span class='ocr_line' id='line_1_41' title="bbox 0 0 1630 5188; baseline 0 0"><span class='ocrx_word' id='word_1_341' title='bbox 0 0 1630 5188; x_wconf 95' lang='lat' dir='ltr'><strong> </strong></span> 
     </span>
    </p>
   </div>
  </div>
 </body>
</html>
