3116 5178
558 276 719 382 ..Q-

98 468 190 556 potius
205 467 374 552 profanare
388 476 582 555 presumunt
598 471 633 536 in
649 471 832 538 animarum
855 488 985 538 suarum
1012 472 1216 561 periculum„
1300 473 1301 476 ’
1390 453 1391 456 ¹
1440 455 1463 548 ῥ’

14 589 15 658 ἢ
97 575 284 660 plurimorum
298 575 499 663 scandalum,
514 577 618 664 ipsius
628 576 790 672 Episcopi
805 576 1031 666 praiudicium,
1048 588 1081 647 et
1096 583 1201 650 ecclc·
1296 583 1297 586 ’

14 723 16 732 κ
98 682 212 752 siastice
226 682 395 770 discipline
411 690 639 771 contemptum.
663 683 772 763 Quare
803 706 862 772 pro
893 693 986 773 parte
1017 685 1095 754 dicti
1126 687 1202 774 Epi·

14 807 16 880 ᾗ
98 791 174 878 scopi
188 791 348 860 humiliter
378 792 549 878 petebatur
574 813 596 858 a
625 793 730 876 nobis,
763 800 796 859 et
827 793 974 862 camdem
1007 793 1204 862 sententiam
1310 865 1311 868 ,
1424 849 1441 856 „

15 901 16 904 ’
96 898 180 966 robur
193 899 352 968 firmitatis
367 901 512 969 debitum
529 900 686 989 obtinere,
710 900 864 986 ipsosque
889 901 930 971 de
956 902 1203 990 presumptione

51 1075 53 1081 ,
95 1005 261 1074 huiusmodi
275 1007 385 1093 puniri
401 1028 488 1094 pena
504 1008 664 1076 canonica
678 1007 872 1076 laceremus.
913 1007 1072 1087 Quocirca
1087 1011 1205 1078 frater·

14 1141 16 1184 :
94 1112 176 1182 nitati
190 1119 243 1180 tue
256 1135 314 1201 per
329 1115 519 1200 Apostolica
533 1115 658 1200 scripta
673 1114 875 1196 mandamus,
893 1125 1054 1202 quatenus
1074 1125 1204 1185 senten·

14 1291 15 1320 ,
94 1221 163 1288 tiam
177 1220 288 1308 ipsam,
304 1221 388 1290 sicut
401 1224 643 1290 rationabiliter
654 1228 703 1289 est
723 1224 862 1310 prolata,
879 1224 983 1291 iacias
1009 1207 1206 1293 auctoritate

14 1357 16 1378 ι
95 1335 190 1396 nostra
203 1348 304 1414 usque
319 1328 363 1396 ad
380 1328 637 1396 satisfactionem
665 1329 871 1416 condignam,
903 1331 1126 1417 appellatione
1157 1353 1206 1399 re·
1273 1405 1275 1410 ,

94 1441 178 1519 mota,
192 1436 426 1504 inviolabiliter
442 1435 629 1519 observari,
654 1455 754 1521 super
771 1457 809 1502 eo
840 1456 928 1525 vero,
961 1437 1048 1522 quod
1081 1457 1207 1506 excom-

14 1537 16 1644 ]
95 1545 233 1612 manicati
249 1543 403 1612 dicuntur
421 1535 586 1612 celebrare
603 1543 732 1629 Divina,
764 1543 851 1627 quod
880 1545 1001 1612 rationi
1032 1554 1202 1615 consenta-

93 1651 312 1740 recruduerit,
349 1652 572 1740 appellatione
602 1659 728 1718 remota
759 1650 929 1738 decernas,
961 1652 1084 1720 faciens
1116 1652 1203 1738 quod
1320 1701 1322 1706 .

14 1771 16 1858 ξ
95 1757 258 1828 decreveris
282 1779 343 1845 per
374 1777 544 1826 consuram
576 1756 835 1826 ecclesiasticam
865 1759 998 1827 firmiter
1029 1759 1206 1828 obseruari.

14 1863 16 1952 ξ
93 1870 198 1936 Datum
217 1866 373 1933 Laterani
388 1865 448 1933 XI.
466 1863 626 1933 kalendas
635 1865 715 1932 ldaii
724 1865 932 1934 Pontificatns
942 1866 1043 1936 nostri
1052 1888 1138 1934 anno
1148 1868 1209 1934 XI.

180 1974 346 2041 Prolatum
361 1973 737 2059 archipresbyterorum
754 1973 912 2058 quosdam
943 1973 1026 2042 alios
1055 1974 1201 2042 Ecclesia
1275 2052 1279 2060 ¹
1306 2025 1308 2032 >

85 2079 318 2177 'Sanctidacobi
334 2081 376 2149 de
391 2080 558 2167 Sybinico,
591 2081 715 2148 seilicet
730 2081 877 2168 Tolcum,
907 2087 940 2148 et
971 2081 1139 2161 audirem,
1172 2087 1216 2148 et.
1248 2147 1251 2154 ,

14 2227 15 2230 ¹
91 2191 259 2258 iohannem
276 2189 320 2255 de
334 2189 437 2254 Viaco
453 2188 673 2274 presbyteros,
688 2196 721 2256 et
737 2189 877 2256 Stricum
894 2188 1077 2274 diaconum,
1097 2206 1157 2257 suo
1173 2194 1207 2256 ct

14 2279 16 2370 ἶ
88 2297 217 2366 Ecclesia
233 2316 291 2364 suc
309 2296 441 2363 nomine
458 2294 551 2362 iuxta
568 2295 725 2363 traditam
739 2296 835 2363 uobis
849 2295 987 2365 formam
1006 2297 1149 2384 legitime
1173 2301 1207 2363 et

14 2447 16 2484 r
91 2404 294 2491 peremptorie
311 2403 485 2471 citavimus
501 2421 611 2470 coram
641 2395 761 2470 nobis:
793 2405 881 2490 quod
913 2408 1140 2489 comparentes
1172 2403 1207 2467 in

14 2581 16 2606 ‚
91 2511 206 2580 iudicio
221 2511 439 2598 personaliter
455 2511 489 2578 in
513 2510 652 2578 termino
685 2510 871 2598 constituto,
904 2521 936 2578 et
967 2511 1115 2598 petitioni
1147 2531 1209 2578 seu

14 2683 15 2712 3
91 2617 187 2688 libello
201 2620 341 2688 adverse
357 2617 461 2704 partis
478 2619 545 2686 iam
563 2617 684 2695 dudum
701 2618 748 2685 eis
765 2619 959 2687 transmisso
990 2638 1048 2703 per
1079 2619 1207 2686 litteras

14 2717 16 2800 ἷ
88 2735 202 2794 nostras
218 2727 388 2795 citatorias
401 2722 549 2810 perrocio
566 2725 771 2812 postmodum
787 2732 820 2791 et
836 2732 979 2812 accepto,
1011 2727 1046 2791 in
1077 2723 1207 2794 Judicio

14 2845 16 2900 ὲ
92 2851 186 2901 coram
202 2835 295 2903 nobis
312 2834 510 2902 advocatum
530 2853 622 2900 sunm
639 2833 680 2899 de
696 2851 833 2900 assensn
851 2831 1026 2899 eorundem
1042 2851 1206 2918 expresso,

14 2941 15 3030 J
90 2939 197 3010 directe
213 2952 245 3009 et
260 2942 421 3026 legittime
436 2937 679 3028 respondentes,
695 2939 890 3024 quibusdam
905 2938 1032 3007 frivolis
1044 2940 1207 3025 exceptio·

14 3065 16 3072 ’
91 3049 175 3118 nibus
190 3049 382 3132 interiectis,
398 3067 479 3132 quas
497 3048 539 3114 de
555 3047 691 3115 consilio
708 3046 902 3133 Sapientum
919 3067 985 3114 non
1003 3046 1206 3132 admisimus,

14 3157 16 3226 ἱ
92 3161 119 3221 et
133 3154 473 3223 excommunicationis
490 3155 682 3240 exceptione
699 3161 813 3222 contra
828 3154 1026 3240 Episcopum
1052 3153 1216 3238 Traguri-

90 3283 188 3332 ensem
202 3272 331 3334 tantum
350 3266 548 3332 verbotenus
564 3263 723 3352 opposita,
741 3262 800 3329 sed
815 3283 878 3332 non
889 3262 1036 3348 probata,
1053 3260 1096 3327 ad
1106 3260 1211 3328 cuius·

14 3381 16 3452 ζ
92 3370 157 3439 dum
173 3371 408 3461 appellationis
423 3371 626 3440 frustratorie
641 3369 812 3456 diffugium
836 3369 1068 3439 contumaciter
1093 3389 1211 3436 convo·

14 3501 16 3550 t
91 3479 199 3547 larunt.
223 3482 337 3548 'l'enor
351 3489 461 3548 autem
476 3481 580 3566 ipsius
597 3478 766 3564 petitionis
782 3479 860 3548 talis
881 3487 949 3547 est:

189 3587 259 3674 Ego
275 3589 433 3674 Magister
448 3586 626 3673 Gregorius
645 3585 1057 3675 Traguricnsis,·sindicus,
1075 3573 1165 3656 actor
1175 3594 1208 3654 et

14 3673 16 3688 ’
94 3704 275 3790 procurator
292 3695 414 3764 domini
429 3695 593 3782 'l'reguani
608 3694 670 3762 Dei
685 3697 793 3780 gratia
807 3696 961 3781 Episcopi
970 3695 1210 3781 Tragumensis,

14 3853 16 3878 ,
90 3800 269 3892 uindicario,
286 3802 419 3887 actorio,
437 3803 658 3888 procuratorio
674 3802 805 3870 nominc
821 3803 925 3889 ipsius
957 3810 1031 3887 peto
1062 3822 1083 3868 a
1113 3802 1208 3870 vobis

91 3906 213 3979 domiuo
228 3912 266 3988 L.
284 3911 491 3980 miseratione
506 3911 629 3978 Divina
648 3909 1077 3996 JadrcnsiArchicpiscopo,
1089 3908 1211 3977 domini
1295 3983 1299 3990 ,

14 4017 15 4024 ’
90 4013 173 4103 Papo
188 4017 308 4086 Judice
322 4018 497 4105 Delegato,
528 4017 613 4102 quod
629 4017 837 4103 compellatis
854 4015 1065 4083 Stauimirum
1095 4015 1209 4084 Archi·

14 4151 15 4206 r
90 4125 325 4214 presbyterum,
341 4125 486 4212 Tolcum,
503 4124 672 4211 Rodinem,
688 4123 871 4191 iohannem
889 4122 1048 4210 deliaco
1074 4123 1211 4212 presby·

14 4237 16 4308 ξ
92 4235 181 4318 teror,
212 4238 246 4300 et
261 4232 401 4304 Strictum
417 4230 599 4314 diaconum,
630 4241 663 4300 et
678 4235 802 4301 ceteros
818 4229 952 4298 clericos
976 4230 1018 4296 de
1047 4230 1214 4320 Sybinico,
1249 4289 1252 4295 .

91 4333 322 4408 inviolabiliter
339 4340 513 4409 observare
529 4339 723 4408 senteutiam
740 4336 1089 4426 excommunicationis,
1116 4358 1218 4422 quam

14 4451 15 4498 ἐ
92 4444 189 4513 dictus
205 4447 388 4534 Episcopus
403 4449 558 4535 Tragurii
571 4449 608 4516 in
639 4468 694 4516 eos
725 4446 918 4517 auctoritate
948 4445 1114 4514 ordinaria
1145 4447 1211 4514 exi·
1300 4539 1305 4548 Ι

14 4543 16 4620 ἶ
51 4548 53 4552 ’
92 4559 186 4636 gente
196 4555 333 4641 justicia
347 4559 577 4647 promulgavit,
607 4578 666 4646 pro
685 4577 723 4627 co
739 4555 827 4644 quod
842 4555 984 4628 decimas
1000 4564 1032 4625 et
1041 4557 1119 4644 jura
1131 4543 1132 4546 '
1144 4557 1213 4643 epi·

1510 4407 1544 4448 ¹⁴5

1526 4461 1544 4490 jur

1520 4503 1522 4507 .
1539 4491 1544 4506 Ἃ

1505 4531 1507 4534 .
1538 4511 1544 4524 1

1291 4827 1295 4830 -=
1362 4795 1398 4842 <r

1267 4879 1269 4884 ,
1369 4869 1374 4882 Ι

1343 4975 1346 4988 t
1364 4829 1394 5044 bl

1312 5009 1320 5024 a
1360 5001 1372 5032 τ)
