3116 5186
335 465 410 570 Aps
446 465 654 572 ligssouum,
693 479 810 568 Bsgyu
848 481 1079 554 Piuoernarum
1110 481 1286 570 uagatus,
1317 487 1353 552 etw
1382 459 1461 568 eiij·

332 603 431 676 quam
470 592 617 678 pluribus
655 589 836 661 Comitatus
869 588 1076 692 tenentibus3
1111 589 1214 678 Regni
1239 591 1345 660 nostri
1372 607 1461 658 anno

332 697 507 769 trissino.
1098 701 1102 708 '

438 899 579 963 madetis
597 899 781 968 buthir-tyto,
801 917 818 954 a
836 901 922 956 budai
941 903 994 954 kir.
1013 899 1141 954 ksmsrai
1160 897 1358 964 levtlttrban.)

765 1185 1032 1200 anna—nn—-hn

865 1620 940 1690 rut.

338 1809 383 1890 ΙΙ.
400 1817 509 1889 Endos
524 1819 704 1910 kirdly-aok
719 1779 917 1890 adsallisset
941 1821 1151 1888 szobodolma
1175 1843 1197 1884 o
1221 1819 1468 1906 pennonhnlma'

690 1933 830 2018 opdtadq
846 1927 1116 1999 azdmdro.1233.

333 2129 335 2134 '
446 2125 483 2194 Iu
522 2125 652 2195 nomine
683 2125 804 2193 Suuote
834 2123 1006 2193 Trinitatis
1035 2129 1068 2190 et
1098 2120 1273 2190 Indiuidua
1308 2122 1468 2192 Unitatis.

337 2231 486 2301 Andreas
502 2230 664 2301 seeundus
680 2231 741 2298 Dei
758 2233 872 2318 grauis
904 2230 1083 2317 Huugarie
1114 2229 1291 2319 Dalmatio,
1324 2230 1466 2316 Oroatis,

337 2339 462 2428 Seruis,
479 2342 590 2428 Reme,
607 2340 799 2407 Lodomerie
815 2342 895 2428 Rex,
912 2341 993 2408 uiris
1024 2337 1210 2426 religiosis.
1229 2389 1238 2405 .
1255 2389 1263 2406 .
1279 2339 1405 2406 Abbati
1436 2348 1469 2406 et

341 2445 522 2534 conuentuj
539 2447 730 2534 Mouasterij
748 2447 860 2515 Sauoti
876 2446 1009 2534 Mortiuj
1027 2446 1067 2515 de
1083 2445 1185 2514 Saoro
1202 2447 1312 2514 Monte
1334 2447 1469 2516 -Psnno

339 2555 403 2644 uie,
420 2562 454 2622 et
470 2575 580 2624 eorum
596 2557 841 2625 suecessoribus
857 2557 890 2622 iu
907 2561 1110 2642 perpetuum,
1151 2556 1214 2622 Per
1231 2574 1369 2640 presens
1386 2556 1467 2623 seri·

340 2670 430 2750 ptum
446 2665 573 2732 eunetis
588 2683 674 2732 nune
690 2672 723 2733 et
737 2667 772 2732 iu
788 2671 950 2750 posterum
966 2662 1104 2732 taolmus
1121 2660 1341 2751 manifestum,
1372 2664 1466 2750 quod

339 2771 454 2840 inolito
469 2771 702 2840 retardationis
718 2770 869 2840 dominus
884 2771 965 2838 Bela
981 2777 1076 2858 pater
1099 2779 1210 2838 noster
1238 2770 1466 2842 miserioordie

343 2865 540 2966 prouooatus
555 2879 685 2969 affeetu,
700 2887 767 2948 tres
782 2899 883 2948 naues
900 2879 1051 2948 saliforas
1067 2879 1189 2948 liberas
1205 2879 1342 2948 eontulit
1357 2877 1404 2948 eu
1413 2901 1466 2951 su-
1546 2872 1557 2962 ’Ν

227 3048 231 3056 ,
339 2989 569 3058 stentatiouem
585 2987 722 3056 fratrum
737 2985 857 3056 ibidem
888 2989 959 3055 Deo
990 2986 1220 3071 seruientium
1244 3007 1285 3056 ea
1314 2986 1471 3057 uideliest
1556 3013 1557 3018 ¹

342 3097 496 3166 libertate
510 3095 748 3186 priuilegium,
763 3105 799 3165 ut
815 3097 856 3164 ab
873 3094 945 3183 ipso
970 3093 1161 3164 salisiodino
1186 3095 1259 3163 looo
1289 3113 1394 3180 usque
1426 3095 1471 3164 sd

339 3202 548 3273 iamdictam
563 3211 704 3274 montem
720 3204 900 3292 Pannonia,
917 3213 983 3274 tam
1000 3224 1058 3291 per
1073 3222 1193 3289 aquam
1210 3221 1310 3288 qaam
1325 3221 1386 3290 per
1406 3211 1471 3272 ter-

216 3299 221 3308 *
344 3333 414 3380 rum
428 3331 524 3380 nemo
540 3311 582 3380 de
597 3312 721 3381 salibus
738 3313 855 3382 inillis
871 3313 976 3381 tribus
991 3313 1132 3380 nauibus
1163 3309 1282 3379 delatis
1312 3309 1471 3379 tributum
1556 3395 1557 3400 Ἰ

339 3419 481 3508 exigere,
496 3419 551 3487 rel
566 3418 678 3506 aliqua
692 3420 761 3488 alia
777 3420 974 3508 demonifica
990 3421 1158 3488 exaotione
1173 3420 1295 3488 audeat
1321 3438 1378 3488 eos
1410 3419 1472 3487 im·

341 3527 473 3615 pedire;
497 3534 529 3594 et
545 3548 604 3596 uos
621 3527 834 3613 postmodnm,
867 3550 1001 3614 quorum
1016 3529 1154 3597 interest
1177 3548 1243 3596 nou
1273 3527 1377 3596 solum
1410 3548 1469 3614 pu·

339 3644 430 3704 terne
446 3634 650 3721 hereditatis,
668 3637 726 3704 sed
744 3639 841 3704 etiem
857 3659 929 3706 esse
948 3636 1204 3705 Christianitatis
1220 3633 1370 3722 heredes,
1393 3621 1470 3704 eau-

339 3739 413 3813 dem
430 3741 663 3811 helemosiuam
680 3765 701 3811 a
717 3753 812 3832 patre
829 3753 937 3814 nostro
954 3745 1106 3813 collatam
1134 3742 1239 3813 eidem
1265 3744 1470 3813 Mouasterio

338 3853 400 3921 sub
415 3851 528 3919 eodem
545 3851 708 3921 libertatis
725 3859 834 3920 tenore
851 3861 1006 3942 perpetuo
1023 3853 1296 3948 confirmauimus.
1330 3853 1374 3920 Et
1389 3853 1471 3938 quis

338 3963 372 4029 lu
388 3959 463 4050 ipso
479 3961 551 4029 loeo
566 3960 759 4032 salisiodiue
775 3961 955 4048 podiotum
971 3963 1202 4031 Mouasterium
1219 3961 1316 4030 Beati
1331 3962 1468 4049 llartiuj

338 4072 445 4138 miuus
460 4070 563 4137 libere
578 4076 791 4138 consueuerat
807 4069 971 4156 predictos
986 4071 1074 4138 sales
1090 4072 1250 4158 accipere,
1275 4075 1310 4137 et
1339 4087 1362 4136 a
1391 4071 1473 4139 suli·
1556 4093 1557 4096 ¹

195 4217 198 4223 -
338 4177 513 4264 iodiuarijs
529 4179 582 4247 vel
597 4177 671 4246 aliis
688 4197 785 4265 super
800 4179 881 4264 ipsis
897 4179 1022 4247 solibus
1054 4179 1254 4247 multimodis
1285 4179 1472 4250 exaetioui·

337 4285 399 4356 bus
415 4285 558 4375 fatigari,
574 4307 613 4355 eo
629 4285 714 4372 quod
730 4288 865 4355 libertas
880 4288 956 4374 ipss
971 4287 1166 4356 llonasterio
1184 4295 1294 4356 uestro
1310 4288 1471 4356 euneoss's
1556 4319 1557 4322 ¹

337 4395 373 4464 lu
390 4393 560 4481 priuilegio
576 4397 681 4483 patris
698 4396 797 4482 uostrj
816 4397 923 4462 minus
940 4395 1086 4481 plenarie
1103 4402 1173 4465 erat
1203 4414 1361 4481 expressa
1386 4421 1394 4462 :
1427 4393 1472 4462 de
1556 4447 1557 4450 ,

337 4511 450 4571 nostra
464 4501 639 4588 largitione
655 4501 758 4570 eidem
776 4499 972 4572 Mouesterio
989 4503 1228 4592 expressiorem
1244 4503 1470 4572 concessimus
1556 4495 1557 4498 '

336 4607 520 4687 libertatem
537 4635 544 4681 ε
563 4617 597 4680 rt
611 4610 756 4705 prediolo
772 4631 874 4681 naues
889 4609 1000 4682 Sancti
1016 4611 1147 4702 Martiuj
1165 4631 1224 4702 per
1253 4611 1366 4686 omnia
1390 4629 1469 4682 eum
