3182 5200
934 172 997 237 100

865 255 1041 276 ’.ι-*ιιι-

399 365 476 433 inde
493 367 662 433 descendit
679 387 700 432 a
715 368 818 433 latere
835 369 954 434 montis
971 368 1105 436 inferius
1121 372 1166 438 ad
1181 373 1309 460 pothoc,
1335 373 1390 459 qni
1420 373 1538 439 Lisco

399 473 501 540 aiche
535 473 671 558 dicitnr,
703 478 735 538 et
750 474 793 540 ibi
811 482 861 541 est
876 481 964 542 meta
981 473 1106 562 terrea;
1137 487 1169 544 et
1186 481 1269 547 sicut
1285 481 1342 546 ille
1371 478 1540 568 divalus}

399 581 568 648 descondit
592 583 625 650 in
642 579 832 670 Cuprouice,
859 582 907 648 sic
923 591 974 649 est
998 591 1085 650 terra
1110 587 1255 672 Templi,
1283 587 1325 654 de
1344 589 1531 674 Goprcnicc

398 687 467 756 exit
482 687 571 756 toras
588 687 631 756 ad
647 687 778 775 fontem,
805 688 883 756 inde
898 690 990 757 vadit
1017 693 1163 778 superius
1179 693 1221 760 ad
1239 701 1380 764 montem
1401 714 1465 780 per
1484 714 1533 760 se·

400 797 524 881 mitam,
539 795 655 864 deinde
679 796 771 864 vadit
786 796 830 864 ad
843 798 963 864 vallem
980 819 1078 886 super
1092 802 1197 887 ripam
1215 801 1256 869 de
1273 789 1462 890 copronice
1488 797 1528 866 ad

399 900 509 988 fagum
525 923 589 988 qne
605 910 655 971 est
669 904 817 989 gibbon,
829 903 871 970 de
881 903 959 988 fago
977 906 1068 973 vadit
1084 909 1230 992 superius
1241 907 1283 975 ad
1293 916 1442 976 montem
1461 928 1532 975 eer-

396 1032 453 1079 sns
470 1012 671 1079 occidentem
689 1009 730 1079 de
746 1009 876 1100 s(upra)
895 1011 1016 1096 vineae,
1031 1020 1063 1080 et
1078 1013 1196 1081 exinde
1213 1014 1303 1082 vadit
1330 1017 1385 1084 ubi
1404 1023 1461 1084 est
1478 1018 1531 1082 via

397 1140 462 1203 qne
478 1124 581 1184 terras
597 1118 727 1204 Templi
743 1125 775 1186 et
790 1119 958 1204 Sepulchri
991 1118 1117 1209 dividit,
1136 1129 1168 1188 et
1185 1121 1340 1208 perviam
1372 1123 1473 1190 vadit
1486 1103 1531 1188 ad

397 1229 525 1294 foveam
554 1246 615 1309 que
631 1224 764 1291 kalicha
780 1225 815 1292 in
832 1225 1005 1294 Slavonico
1021 1235 1235 1314 nuncupatur.
1258 1227 1379 1296 Villam
1396 1250 1531 1314 quoque

397 1355 460 1417 qne
475 1335 573 1400 Esdel
592 1339 735 1420 vocatur,
754 1354 850 1419 qnam
866 1333 977 1402 Banus
1001 1334 1147 1402 Boricins
1163 1335 1204 1401 de
1219 1335 1328 1402 Bozna
1344 1357 1403 1422 pro
1422 1358 1529 1404 reme

400 1443 455 1508 dio
472 1441 579 1506 anime
594 1461 654 1507 erue
669 1441 795 1526 prefate
819 1441 935 1508 Domui
961 1441 1082 1507 Milicie
1097 1440 1224 1528 Templi
1240 1460 1282 1507 ex
1313 1446 1529 1512 concessione

396 1550 496 1633 Regis
513 1545 681 1632 Stephani,
698 1568 793 1632 qnam
811 1549 912 1614 eciam
929 1555 1149 1632 paternoster
1166 1549 1246 1616 Belo
1255 1549 1324 1615 Rex
1341 1551 1456 1634 sigilli
1473 1558 1522 1639 sui

397 1656 574 1722 munimine
590 1656 756 1722 roboravit
770 1663 802 1721 et
818 1655 850 1721 in
869 1663 1060 1741 perpetuum
1077 1655 1222 1739 eontulit,
1235 1666 1267 1722 et
1278 1654 1381 1722 eciam
1400 1667 1524 1727 terram

246 1745 250 1752 ⁸
344 1849 347 1862 Ι
393 1784 490 1847 apuam
507 1763 650 1828 eiusdem
667 1761 784 1827 Boricii
802 1767 935 1846 nepotes
954 1763 1018 1828 iam
1035 1759 1120 1826 dicte
1131 1761 1249 1828 Domui
1260 1761 1434 1852 dederunt,
1454 1786 1526 1833 cnm

398 1873 466 1938 suis
482 1871 576 1936 metis
593 1879 625 1935 et
641 1869 788 1936 terminis
820 1875 974 1954 perpetuo
991 1869 1227 1935 confirmamus.
1259 1869 1396 1935 Terram
1414 1877 1521 1940 eciam
1545 1884 1551 1892 '

397 1979 538 2064 (Sanclti
553 1978 695 2058 Martini,
712 1999 732 2042 a
748 1977 865 2044 Castro
890 1975 1102 2060 Zagrebiensi
1130 1983 1323 2062 exemptam,
1349 1987 1451 2044 antea
1468 2001 1524 2067 pro

395 2089 500 2152 sainte
517 2086 623 2152 anime
647 2093 756 2151 nostre
773 2094 804 2150 et
822 2105 878 2169 pro
896 2082 1040 2151 remedio
1066 2092 1307 2151 antecessorum
1340 2096 1530 2156 nostrornm
1550 2080 1557 2088 ’

393 2193 511 2260 Domui
522 2191 643 2257 Milicie
659 2190 788 2276 Templi
804 2192 836 2256 in
849 2213 961 2277 puram
979 2191 1126 2258 dedimus
1143 2192 1352 2259 elemosinam
1371 2214 1448 2260 curn
1460 2217 1526 2263 om·

393 2302 489 2366 nibus
515 2303 583 2367 suis
617 2298 820 2384 appendiciis
853 2301 966 2384 libere,
1000 2299 1117 2383 quiete,
1151 2300 1220 2365 iurc
1238 2311 1393 2386 perpetuo
1421 2306 1523 2389 possi·

392 2407 530 2473 dendam
545 2406 641 2488 ;licet
650 2405 786 2472 eandem
799 2413 917 2472 terram
929 2406 1070 2472 Crakoni
1081 2406 1208 2492 Volpot,
1221 2427 1292 2472 cum
1304 2407 1415 2475 adhuc
1429 2412 1539 2478 nobis·
1561 2335 1569 2498 4

394 2518 475 2582 eatis
492 2514 597 2581 tidelis
616 2516 773 2600 existerit,
790 2515 1013 2603 donassemus,
1031 2521 1062 2582 et
1073 2523 1167 2601 prout
1182 2516 1327 2582 meminit
1344 2537 1443 2602 snper
1461 2520 1522 2586 hoc

395 2623 439 2688 ad
454 2629 563 2709 partes
596 2633 726 2690 nostras
743 2623 853 2706 regale
870 2623 1076 2710 privilegium
1109 2623 1322 2709 impetrasset,
1343 2643 1442 2691 versa
1459 2625 1519 2692 fide

395 2732 509 2819 ipsius,
525 2731 625 2797 veluti
641 2731 809 2798 universos
827 2752 887 2796 non
904 2730 1008 2816 latuit,
1026 2733 1111 2799 sicut
1125 2741 1157 2797 et
1173 2739 1270 2817 capnt
1281 2738 1314 2797 et
1324 2733 1436 2798 omnia
1451 2756 1520 2820 pre
1548 2697 1569 2824 4

392 2839 465 2925 pria
483 2838 628 2927 (in)fami
645 2839 760 2905 fraude
775 2837 927 2923 perdidit,
947 2839 993 2905 sic
1009 2848 1041 2906 et
1057 2839 1239 2922 predictam
1256 2835 1368 2904 Sancti
1385 2839 1537 2908 Martini«
1565 2839 1569 2924 4

349 2981 352 2991 =
391 2957 519 3032 terram,
551 2945 870 3032 dampnatoprelato
898 2947 1077 3032 privilegio,
1093 2947 1164 3012 eius
1180 2944 1353 3012 heredibus
1386 2948 1518 3032 Regalis
1565 2927 1569 2982 4

391 3057 570 3124 auctoritas
595 3064 626 3123 et
641 3054 824 3140 principum
857 3074 950 3136 quem
968 3053 1136 3119 consilium
1167 3052 1295 3135 exemit,
1315 3061 1345 3119 et
1365 3061 1402 3119 ut
1417 3055 1528 3123 fideli·
1562 2982 1569 3146 4

391 3185 465 3232 ores
495 3182 627 3232 munere
659 3161 888 3246 congaudeant
919 3160 1072 3248 digniori,
1089 3160 1193 3246 ipsam
1210 3169 1329 3225 terram
1347 3167 1521 3245 pretaxate
1567 3153 1569 3250 4

393 3271 510 3338 Domni
526 3270 576 3336 his
594 3268 688 3336 metis
718 3267 958 3335 circumdatam.
990 3267 1099 3333 Prima
1116 3275 1202 3332 meta
1219 3277 1270 3332 est
1286 3267 1444 3335 Prelistia
1459 3291 1520 3356 per
1563 3253 1569 3360 4

390 3381 494 3445 rivum
513 3377 677 3444 Oriconox
694 3374 919 3442 descendendo
936 3373 978 3440 ad
994 3373 1120 3456 Licoos,
1140 3372 1257 3440 deinde
1273 3374 1379 3441 tendit
1397 3377 1444 3442 ad
1461 3377 1519 3446 Cu·
1567 3361 1569 3466 !

393 3489 478 3569 cbia,
490 3484 669 3551 hincvadit
681 3483 723 3550 ad
734 3505 886 3570 magnam
899 3484 1064 3568 Schernet,
1076 3483 1116 3549 de
1126 3503 1246 3567 magna
1257 3482 1414 3549 Schernet
1432 3486 1521 3551 vadit
1564 3479 1569 3506 ³

393 3613 494 3678 usque
505 3614 568 3677 quo
578 3591 667 3659 cadit
676 3596 708 3659 in
722 3594 845 3677 Polica,
857 3593 897 3659 de
908 3594 1021 3661 Polica
1038 3592 1126 3658 cadit
1136 3596 1169 3658 in
1180 3611 1331 3674 magnam
1348 3591 1530 3680 Schernet,.

391 3714 422 3770 ct
439 3701 480 3767 de
496 3700 652 3766 Schernct
668 3701 756 3768 cadit
772 3703 806 3767 in
825 3700 979 3788 (zetum,
995 3701 1052 3780 ubi
1067 3707 1115 3766 est
1130 3709 1216 3767 terra
1243 3695 1454 3784 episcopalis,
1473 3703 1519 3767 in·

394 3811 527 3877 devere
544 3809 649 3876 tendit
665 3809 968 3891 sursumzelinam,
987 3816 1018 3874 et
1035 3809 1110 3876 inde
1126 3808 1194 3874 exit
1212 3807 1299 3872 foras
1320 3814 1352 3872 et
1367 3808 1461 3873 venit
1477 3810 1519 3874 ad

390 3939 525 4003 parvam
558 3915 707 4003 Chernet,
737 3917 853 3984 deinde
870 3936 946 3984 vero
962 3917 1054 3983 radit
1070 3915 1111 3980 ad
1128 3915 1383 4000 Terbensapole,
1400 3917 1520 3982 exinde
1568 3927 1569 3948 ³

395 4027 542 4114 graditur
558 4030 601 4095 ad
617 4027 754 4108 Choren,
774 4025 892 4092 deinde
902 4025 1103 4110 protenditur
1118 4023 1161 4088 ad
1177 4022 1377 4110 Lupogiaue,
1402 4023 1531 4089 deinde·
1568 4099 1569 4110 ,

391 4157 466 4202 vero
484 4137 662 4220 protelatur
679 4134 721 4199 ad
733 4134 852 4199 siceum
868 4134 1039 4220 Lcignam,
1055 4131 1147 4197 iuxta
1166 4127 1316 4216 (terrlam
1333 4129 1522 4216 Petchonis,
1567 4147 1569 4206 ς

391 4245 431 4309 dc
447 4244 533 4310 sicco
551 4242 676 4326 Loigna
701 4240 907 4325 progreditur
939 4259 1064 4306 sursum
1082 4245 1114 4303 et
1130 4239 1220 4305 cadit
1235 4239 1267 4303 in
1285 4257 1441 4322 magnam
1458 4239 1518 4305 Lo
1566 4215 1569 4318 4

391 4356 512 4436 ignam,
524 4350 566 4418 de
577 4351 652 4418 hine
664 4369 739 4415 vero
756 4351 936 4433 protelatur
952 4349 1043 4416 iuxta
1059 4356 1176 4415 terram
1194 4344 1340 4430 Philippi
1358 4367 1461 4430 usqne
1478 4347 1528 4413 ad.
1567 4375 1569 4438 3

391 4477 545 4543 magnam
577 4460 664 4525 viam
682 4477 744 4540 que
761 4457 851 4524 ducit
882 4455 1089 4542 Zagrabiam,
1123 4453 1242 4524 abhinc
1256 4473 1333 4521 vero
1364 4453 1461 4520 vadit
1478 4455 1518 4520 ad
1566 4445 1569 4568 4
