3184 5186
823 1001 900 1072 333.

291 1199 317 1265 Ῑ
320 1195 356 1266 V.
371 1199 455 1267 Bau
471 1199 649 1288 kirtlynclt
659 1199 906 1289 pricileqiamu,
936 1197 1080 1287 mslplycl
1102 1223 1125 1265 c
1156 1200 1279 1287 captiui
1307 1199 1430 1288 prosola

285 1301 566 1394 (Fruupepctcok)
589 1307 754 1396 osclddjctt
778 1331 800 1374 c
822 1307 1091 1396 muqycrorsadqs'
1111 1305 1240 1394 fdaruk
1271 1307 1429 1374 cilldsdra

747 1415 847 1483 aneti.
873 1415 970 1482 1260.

397 1607 479 1679 Bels
502 1608 564 1677 Dei
583 1608 696 1693 grecia
722 1607 900 1695 Hungaris,
926 1605 1108 1694 Dalmacie,
1142 1607 1285 1696 crosco,
1309 1607 1430 1696 Rama

284 1712 801 1805 scruto,s21noio,nonomorio,
818 1715 1039 1800 Cumanicque
1055 1715 1127 1783 Rex
1151 1715 1301 1784 omuibus
1332 1714 1430 1784 Glori-

284 1821 333 1890 sti
348 1821 500 1892 fidelibus
517 1843 652 1910 presens
668 1823 826 1911 scriptum
841 1823 1038 1910 inspecturis
1062 1822 1199 1890 salutem
1216 1819 1251 1886 in
1282 1838 1332 1904 oo,
1363 1839 1428 1906 pet

290 1947 385 2015 quem
401 1931 506 2016 Reges
521 1937 661 2016 regnant
675 1939 707 1999 ct
722 1929 893 2016 Principes
907 1929 1128 1999 dominantur.
1149 1927 1251 2012 Regis
1267 1925 1428 1995 Sublimi-

285 2035 352 2104 tati
367 2037 527 2118 conuenit,
545 2037 688 2106 omnium
704 2037 879 2105 nacionum
896 2035 1019 2122 pariter
1034 2041 1068 2103 et
1091 2036 1279 2120 linguarum
1306 2040 1428 2118 gentes

289 2141 353 2211 sibi
367 2142 485 2214 denote
499 2145 696 2213 adherentes
712 2145 823 2212 taliter
838 2143 1024 2231 prouidere,
1048 2151 1085 2212 ut
1101 2142 1155 2228 alij
1183 2141 1423 2228 supraucnien·

291 2256 342 2318 tes
358 2269 470 2318 eorum
486 2250 637 2337 exempla
653 2249 811 2318 imitando
830 2247 874 2315 ad
905 2247 1073 2318 fidelitatis
1105 2267 1206 2334 opera
1236 2246 1425 2314 exercenda

289 2356 474 2426 leruencins
491 2363 677 2426 enecentur.
701 2357 844 2425 Proinde
859 2355 900 2424 ad
933 2357 1160 2425 uniuersorum
1191 2363 1259 2422 tam
1290 2373 1426 2440 presen-

290 2463 374 2531 cium
392 2483 489 2546 quam
505 2462 684 2533 futurorum
700 2466 855 2533 noticiam
870 2463 989 2531 harum
1014 2463 1097 2532 serie
1127 2461 1276 2530 volumus
1306 2482 1424 2548 perne·

289 2571 359 2638 nire
376 2593 384 2634 ε
402 2570 490 2656 qnod
506 2590 580 2638 cnm
595 2571 729 2641 hnmani
747 2571 876 2659 generis
892 2568 1034 2640 sordidis
1065 2569 1244 2640 sceleribus
1271 2571 1425 2657 prouolu-

288 2679 459 2747 scentibus
475 2679 646 2748 multitudo
662 2679 892 2749 inestimabilis
907 2677 1021 2748 rabide
1036 2679 1144 2764 gentis
1173 2677 1347 2745 Tartaricc
1381 2697 1426 2745 ox

289 2785 435 2856 alflnonti
450 2787 681 2873 indignacione
697 2789 898 2856 terrestrium
916 2787 1137 2854 machinarum
1153 2784 1333 2853 conditoris
1362 2806 1422 2872 per

283 2893 425 2964 climata
440 2895 546 2981 Regni
561 2895 664 2964 nostri
680 2896 813 2980 perlusa
828 2913 944 2962 seuere
959 2892 1149 2962 ulciscendo
1166 2892 1292 2972 luisset,
1309 2901 1343 2960 et
1359 2913 1423 2961 noe

290 3019 356 3066 vna
372 3021 446 3070 cum
461 3003 535 3071 fidis
551 3003 746 3089 primatibus
762 3008 795 3070 ct
810 3000 956 3088 egregijs
971 3000 1138 3070 nobilibus
1170 3004 1264 3066 extra
1293 3018 1425 3067 monar-

290 3107 398 3174 chiam
414 3114 558 3177 nostram
587 3107 757 3193 usquead
788 3109 902 3176 littora
932 3112 1052 3193 pontus
1084 3105 1287 3174 atrocissimo
1319 3127 1427 3193 persc-

282 3215 417 3299 oucndo
432 3215 465 3283 in
483 3216 648 3301 quandam
665 3215 807 3283 insulam
824 3215 1021 3284 maritimam
1038 3211 1228 3300 impulendc
1262 3212 1425 3281 chocrcis-

288 3330 348 3411 sct,
365 3320 406 3390 de
422 3342 486 3407 qna
502 3324 607 3391 eciam
626 3323 718 3391 vinos
735 3322 906 3391 extrahere
920 3320 1134 3404 sathagcntes
1145 3341 1203 3407 por
1212 3319 1424 3407 naufragium

288 3429 322 3494 in
338 3449 397 3496 nos
413 3429 535 3497 irruere
552 3430 762 3510 chonassent,
795 3430 851 3499 vbi
867 3432 901 3497 in
933 3428 1084 3496 conflictu
1115 3427 1304 3496 certaminis
1336 3426 1425 3496 inter

287 3543 415 3604 nostros
431 3544 463 3602 et
479 3537 569 3624 ipsos
586 3538 743 3606 'l'artaros
759 3545 889 3604 seruato
900 3543 1084 3603 nostrorum
1097 3534 1425 3606 curnucnciasnnera

286 3662 376 3711 more
392 3643 548 3713 Rachelis
568 3646 678 3732 iugulo
694 3645 952 3733 plangebamus3
977 3649 1072 3731 pater
1103 3644 1238 3710 tandem
1270 3642 1424 3712 ineffabi-

288 3749 369 3818 lium
384 3751 681 3822 miscricordiarnm
699 3761 732 3823 ct
746 3755 896 3822 dominus
912 3754 965 3838 pic
982 3753 1235 3838 consolacionis,
1268 3752 1326 3836 qui
1343 3773 1423 3820 onn-

287 3864 355 3926 ctos
370 3857 404 3926 in
422 3866 646 3947 cooperantes
663 3869 809 3947 temporo
825 3860 1050 3930 tribulacionis
1065 3883 1131 3929 non
1163 3860 1284 3928 deserit
1315 3861 1425 3947 opitu-

287 3965 387 4033 lando
403 3968 586 4054 subiecere,
603 3969 697 4036 nobis
713 3969 779 4035 iam
795 3968 906 4036 holisis
924 3975 958 4036 et
974 3971 1068 4056 qnasi
1085 3968 1310 4056 precepitibns
1320 3968 1425 4036 virtu·

286 4079 351 4140 tom
367 4093 427 4142 suc
444 4075 577 4144 dextere
592 4063 759 4161 porrigere
775 4074 930 4160 dignatus
961 4089 1029 4162 est;
1055 4075 1212 4160 quoniam
1242 4075 1285 4141 ad
1317 4073 1422 4144 reful-

288 4180 425 4249 ceudum
445 4203 505 4250 nos
525 4189 557 4250 et
573 4182 845 4250 corroborandum
870 4183 1056 4251 Feldricnm
1081 4190 1114 4251 ct
1143 4181 1423 4270 Bartholomeum,

288 4289 434 4359 illustres
452 4298 484 4360 ct
499 4296 649 4359 strennos
664 4290 761 4377 viros,
779 4291 915 4359 Nobiles
932 4288 971 4360 do
988 4291 1104 4380 Vogla,
1120 4293 1189 4357 alta
1205 4311 1245 4356 cx
1262 4291 1422 4377 prosapia

285 4397 374 4464 vrbis
389 4399 535 4466 Romane
551 4397 745 4466 Senatorum
762 4407 859 4486 ortos,
874 4406 1042 4485 tamquam
1058 4398 1192 4482 angelos
1204 4396 1369 4484 preciosos
1380 4419 1422 4465 ex

285 4523 363 4571 arce
379 4507 525 4591 polorum
544 4506 640 4594 misit,
658 4507 714 4591 qui
731 4506 825 4576 nobis
841 4525 914 4574 cnm
931 4528 1042 4575 corum
1058 4505 1231 4594 parentela
1262 4512 1295 4572 ct
1325 4504 1421 4572 lami·

279 4611 413 4680 lienium
432 4622 565 4682 caterua
580 4615 744 4698 armigera
760 4613 794 4680 in
812 4635 906 4701 opem
923 4623 955 4682 et
970 4622 1080 4685 nostro
1103 4631 1245 4700 persone
1272 4613 1422 4683 saluber·
