3160 5208
622 983 697 1052 los.

98 1173 141 1246 ll.
154 1180 259 1246 Ertdrc
274 1181 456 1292 lcira'lyualo
472 1175 592 1246 Cbolsol
609 1180 761 1266 belpse'pet
779 1183 932 1265 tdrqycad
946 1179 1131 1264 cdomdayc
1156 1179 1224 1243 Mi-

328 1289 407 1374 lrc'ly
422 1290 588 1356 Abraba‘m
597 1289 666 1371 fici
680 1291 839 1352 szdmdra.
880 1284 980 1350 1229.

194 1485 233 1551 In
273 1484 406 1551 nomine
444 1485 564 1550 Sancte
596 1481 768 1549 Trinitatis
798 1488 830 1548 et
858 1480 1031 1549 individue
1062 1480 1219 1550 Unitatis.

93 1587 234 1658 ¹Andreas
266 1591 331 1658 Dei
362 1591 476 1675 gracia
506 1589 660 1677 Vngarie,
701 1589 884 1675 Dalmacie,
930 1587 1074 1678 Oroacie,
1105 1591 1217 1679 Rama,

93 1699 209 1787 Seruio,
225 1698 380 1786 Gallicis,
397 1698 655 1782 Lodomerieqne
669 1699 741 1764 Rex
757 1696 792 1764 in
807 1703 1009 1784 perpetuum.
1021 1694 1102 1763 Oum
1112 1697 1220 1783 Rega-

94 1804 132 1870 lis
155 1803 369 1872 celsitudinis
392 1805 621 1872 munificencia
646 1824 704 1871 sue
728 1802 937 1871 liberalitatis
962 1804 1097 1870 brachia
1122 1801 1215 1874 nullo

98 1914 254 1996 parcitatis
299 1915 435 1981 termino
478 1913 678 1998 coharctare,
720 1909 777 1978 sed
808 1911 989 1995 quibusque
1024 1931 1154 1979 suorum
1186 1921 1218 1983 et

94 2022 226 2087 maxime
242 2023 390 2089 fidelium
407 2021 524 2088 debeat
534 2020 721 2107 expandere
736 2019 871 2104 meritis,
896 2026 932 2084 ut
947 2026 979 2085 et
996 2019 1136 2086 fidelitas
1153 2025 1217 2089 iam

92 2137 162 2194 acta
190 2128 303 2196 debito
335 2149 399 2194 uon
429 2127 599 2194 fraudetur
630 2128 746 2211 tytulo,
778 2125 972 2210 agendaque
999 2145 1057 2212 spe
1073 2127 1214 2196 educata

97 2236 201 2318 premii
242 2241 475 2322 promoveatur
522 2235 652 2318 gracias
684 2234 726 2298 ad
767 2239 935 2317 concepta.
977 2233 1120 2319 Dignum
1152 2246 1213 2323 est,

96 2351 125 2407 ut
148 2363 185 2408 ea
212 2364 277 2428 que
307 2345 414 2426 legum
439 2342 640 2429 imperatrix,
655 2340 761 2424 Regia
777 2347 954 2426 pertractat
969 2341 1155 2410 Auctoritas
1181 2343 1215 2409 in

96 2449 333 2518 remunerandis
363 2451 522 2533 fidelibus,
550 2448 707 2534 scripture
733 2446 931 2515 munimento
947 2449 1221 2539 commendentur,

95 2575 132 2622 ne
158 2557 386 2624 modernorum
418 2577 477 2625 seu
516 2575 735 2622 successorum
777 2554 960 2622 incursibus
990 2555 1221 2643 subrogentur.

96 2664 411 2748 Haoigiturraeione
422 2663 547 2729 inducti
559 2661 1218 2746 nobisRegnaquefidelitsrassistencium

97 2772 200 2838 merita
215 2772 322 2856 digno
338 2770 561 2838 retributionis
579 2769 752 2857 stypendio
777 2777 1016 2856 prosequentes,
1031 2771 1075 2862 ad
1090 2773 1219 2841 univer-

91 2898 193 2945 somm
220 2878 382 2946 noticiam
407 2880 556 2945 volumus
583 2878 755 2945 devenire:
784 2877 870 2961 quod
895 2897 967 2944 cnm
983 2877 1089 2946 fidelis
1104 2889 1214 2950 noster

97 2989 230 3056 serviens
241 2985 388 3054 Michael
398 2987 486 3053 filius
495 2985 628 3053 Abrabe
639 3007 660 3050 a
669 2987 782 3072 primis
791 3004 849 3052 sne
858 2985 1001 3069 puericie
1015 2989 1213 3074 temporibus

95 3095 200 3160 lumin
215 3098 345 3182 Regno,
372 3101 441 3161 tum
466 3103 559 3162 extra
574 3095 733 3181 Regnum,
752 3101 784 3160 et
800 3093 938 3159 maxime
954 3093 986 3159 iu
1003 3095 1215 3180 expedicione

93 3200 203 3271 Rasoie
214 3202 305 3291 (igy)
315 3202 409 3269 nobis
419 3201 634 3286 personaliter
643 3200 763 3267 ibidem
781 3200 1004 3289 existentibus,
1015 3201 1157 3271 fideliter
1171 3229 1211 3275 ac

94 3307 247 3379 indefesse
264 3311 492 3395 perservisset,
518 3329 558 3375 ao
585 3309 709 3377 tociens
724 3328 760 3376 se
776 3329 899 3393 suaque
914 3329 971 3394 pro
988 3311 1099 3378 mortis
1118 3333 1216 3401 expo-

94 3415 202 3484 suisset
217 3418 379 3505 periculo.
397 3417 464 3484 Nos
483 3418 516 3482 in
543 3419 882 3502 recompensacionem
899 3425 1062 3484 tantorum
1079 3424 1212 3488 servici-

94 3541 176 3589 omm
190 3526 301 3611 ipsius
315 3523 506 3612 Myehaelis,
526 3525 690 3610 quandam
716 3531 836 3592 terram
853 3527 984 3592 nomine
999 3523 1134 3614 uhokol,
1152 3551 1210 3600 va·

25 3680 30 3689 .
93 3639 209 3698 cantem
234 3633 365 3716 incolis,
393 3633 543 3700 aOastro
571 3632 707 3701 Albensi
724 3616 907 3718 exemptam
935 3632 996 3701 sibi
1014 3641 1046 3702 et
1063 3656 1122 3722 per
1137 3659 1211 3705 eum

95 3737 154 3804 suis
183 3739 372 3827 heredibus,
414 3739 634 3825 heredumque
664 3741 905 3807 successoribus
945 3743 1014 3808 iure
1055 3755 1213 3832 perpetuo

88 3847 280 3915 contulimus
306 3854 463 3934 porpetuo
491 3847 722 3934 possidendam
746 3849 903 3916 totaliter.
917 3850 955 3915 In
979 3869 1078 3932 quam
1101 3860 1212 3921 nostre

95 3949 278 4023 donacionis
318 3957 559 4040 possessionem
602 3955 739 4022 eundem
771 3954 963 4022 Michaelem
994 3976 1052 4041 per
1082 3957 1211 4025 fidelem

93 4067 234 4128 nocuum
251 4060 410 4130 (tomitem
425 4063 556 4130 Petmm
572 4061 673 4128 tilium
697 4061 769 4128 Pud
784 4061 918 4130 fecimus
937 4063 1107 4131 introduci.
1126 4067 1210 4132 Mete

17 4247 18 4252 ἵ
88 4171 193 4232 autem
208 4169 353 4237 eiusdem
369 4177 454 4238 terre
471 4177 546 4236 sunt
561 4171 641 4236 iste:
658 4169 763 4255 prima
780 4170 893 4254 incipit
908 4189 930 4234 a
944 4177 1038 4255 parto
1064 4174 1215 4239 orientali

95 4270 124 4334 in
140 4276 278 4355 quodam
309 4283 414 4363 prato,
440 4279 532 4344 iuxta
556 4278 642 4360 quod
669 4277 755 4360 wlgo
780 4277 1018 4362 kurtuelbuqur
1042 4279 1217 4367 apellatur,

95 4399 149 4462 per
177 4402 275 4465 quam
307 4390 530 4468 sequestratur
559 4391 647 4451 terra
672 4384 788 4451 eadem
810 4405 832 4451 a
856 4391 943 4452 terra
959 4386 1036 4454 ville
1051 4385 1165 4469 Vrdos,
1185 4397 1218 4455 et

96 4489 167 4555 inde
191 4497 291 4560 traxit
320 4513 378 4578 per
403 4494 510 4560 locum
535 4491 633 4560 rivuli
660 4494 718 4577 qui
744 4493 830 4578 wigo
855 4493 922 4560 Her
946 4494 1075 4580 dicitur,
1100 4492 1217 4562 deinde

93 4599 236 4682 procedit
250 4599 293 4667 ad
325 4610 455 4688 metam,
483 4620 547 4694 que
563 4602 661 4669 estin
690 4620 805 4686 campo
830 4601 922 4668 cuius
938 4601 1131 4669 vocabulum
1159 4603 1218 4672 nr-

1055 4708 1116 4776 14·
