3184 5186
685 303 747 366 501

139 498 277 566 inferius
295 499 466 584 deputetis,
483 499 629 583 perdices
648 507 755 565 autern
773 520 891 584 capere
907 499 940 565 in
972 498 1060 566 uullo
1093 500 1163 566 loco
1197 520 1266 584 prc-

141 615 337 694 sumpment.
369 609 450 674 Item
483 608 690 695 prohibemus
724 629 779 676 eos
811 607 1270 695 piscariinsluuiichagb,

141 713 305 802 Lypeche,
322 717 482 803 Renneze,
497 716 614 804 Tepla,
631 724 663 784 et
678 718 881 801 Beztrencne,
898 717 952 801 qui
965 737 1027 803 pro
1043 714 1138 784 nobis
1155 714 1275 784 debent

143 823 321 908 custodiri3
356 824 389 890 in
414 823 492 909 ulijs
508 831 614 892 cutem
632 824 728 910 equis
746 825 883 892 liberam
899 824 946 891 ele
964 823 1110 891 dedimus
1126 822 1272 910 piscandi

141 936 345 1014 potestatem,
375 931 409 996 in
427 933 556 1018 Wucglr
573 933 680 1000 eciam
695 933 816 1018 piscari
838 939 976 1017 possunt
991 951 1062 998 cum
1079 933 1137 998 teli
1153 935 1272 1000 instru-

140 1043 260 1125 mente,
286 1039 371 1123 quod
395 1040 560 1125 vulgariter
577 1043 662 1108 uecll
688 1041 816 1122 dicitur,
835 1040 920 1125 quod
939 1060 1003 1107 uno
1020 1039 1103 1125 pede
1119 1038 1271 1107 videlicet

140 1144 216 1212 duci
233 1154 350 1231 potest.
370 1150 452 1214 Item
470 1149 660 1234 capreollos,
677 1156 709 1216 et
730 1150 856 1234 lepores
872 1149 973 1215 libere
990 1155 1126 1232 possunt
1144 1146 1269 1214 veneri.

26 1325 29 1330 Δ
141 1254 223 1320 Item
254 1255 284 1322 si
310 1255 381 1339 quis
398 1257 541 1343 Ipsorum
558 1257 629 1324 sine
644 1256 820 1324 heredibus
837 1255 1021 1344 decesserit,
1054 1256 1163 1323 omnic
1179 1258 1265 1324 bona

142 1383 213 1449 suc,
230 1363 260 1430 si
276 1362 406 1431 fratrem
423 1364 582 1448 habuerit,
599 1363 693 1431 fratri
708 1385 766 1432 suo
783 1363 999 1447 devolventur,
1016 1365 1270 1452 hoeobservuto,

144 1469 230 1554 quod
262 1471 377 1539 (lomes
394 1473 528 1558 recipiet
554 1495 594 1539 ex
611 1474 686 1540 linis
704 1470 751 1560 (l)
767 1473 835 1540 suis
850 1494 947 1539 unam
965 1492 1154 1558 remquam
1172 1473 1269 1556 velit;

140 1576 168 1645 si
187 1598 261 1644 vero
276 1579 409 1646 fratrem
421 1601 484 1648 non
500 1580 660 1668 habuerit,
677 1587 708 1646 et
723 1581 825 1647 filiam
842 1580 1003 1668 hebuerit,
1020 1580 1134 1648 Comes
1153 1580 1268 1647 simili-

139 1695 189 1754 ter
205 1708 304 1753 unam
322 1707 389 1753 rem
404 1688 549 1774 recipiet,
567 1707 665 1772 quum
682 1689 722 1755 de
739 1689 835 1756 rebus
852 1688 919 1756 suis
930 1687 1059 1755 duxerit
1072 1688 1267 1775 eligendum,

141 1795 206 1862 ulie
221 1815 298 1864 uero
315 1816 366 1863 res
383 1797 484 1881 ipsius
503 1797 716 1864 remanebunt
731 1797 795 1862 filie
812 1803 844 1864 et
861 1798 952 1864 uxori
966 1821 974 1882 ς
991 1797 1019 1865 si
1036 1819 1113 1870 uero
1130 1813 1188 1862 nec
1211 1796 1269 1862 lili·

139 1924 205 1988 em,
238 1910 270 1970 et
300 1924 359 1972 neo
385 1904 520 1971 fratrem
536 1903 694 1988 habuerit,
712 1923 753 1971 ex
769 1911 845 1971 tuuc
862 1903 926 1970 due
943 1911 1052 1988 perles
1069 1923 1174 1971 rerum
1192 1923 1267 1970 snc-

139 2031 209 2077 rum
227 2010 342 2077 cedent
359 2011 486 2094 Gemiti,
503 2012 606 2078 tercie
621 2018 715 2095 purte
734 2011 823 2078 uxori
853 2010 958 2096 ipsius
989 2011 1131 2078 defuncti
1163 2033 1265 2078 remu·

139 2125 246 2186 nentc.
263 2118 345 2184 Item
356 2115 516 2186 Officiatis
532 2117 665 2185 Comitis
681 2119 714 2183 in
730 2118 801 2186 looo
818 2119 888 2206 fori,
905 2132 937 2188 et
953 2140 1017 2188 non
1033 2119 1066 2185 iu
1083 2119 1161 2185 rillc
1179 2119 1262 2186 iudi-

140 2225 229 2293 cabit
245 2225 329 2294 inter
346 2226 445 2312 ipsos.
472 2227 553 2294 Item
585 2246 688 2309 egnes
721 2224 907 2308 decimales,
939 2233 972 2295 et
1004 2228 1079 2312 mel,
1110 2249 1150 2294 uc
1183 2226 1266 2295 elias

138 2333 284 2400 minutus
298 2334 441 2402 decimus
459 2334 538 2401 dere
554 2356 620 2402 uon
636 2339 795 2402 tenentur.
818 2333 953 2403 Villicus
970 2342 1089 2420 autem,
1108 2342 1142 2402 et
1155 2355 1264 2422 preco,

139 2443 193 2527 qui
211 2442 335 2509 buchen
370 2442 497 2529 dicitnr,
525 2462 564 2509 ac
594 2443 652 2510 ille
683 2444 788 2528 miles,
818 2445 875 2526 qui
904 2443 938 2509 in
971 2464 1029 2511 suo
1062 2465 1119 2512 ere
1149 2464 1267 2528 equum

141 2549 375 2617 exercitualem
408 2557 507 2637 tenet,
554 2552 679 2616 nullum
727 2570 858 2618 censum
898 2553 1026 2620 soluere
1064 2554 1268 2621 tenebuntur.

138 2661 221 2726 Item
238 2667 349 2746 postor
365 2661 459 2726 boum
478 2678 534 2727 seu
560 2659 698 2727 eliorum
730 2659 931 2747 auimcIIum,
961 2659 1003 2727 de
1035 2661 1153 2744 quibus
1184 2663 1263 2730 ville

137 2767 303 2851 predictos
330 2766 499 2833 duedecim
518 2766 676 2847 denarios,
708 2788 789 2850 quos
804 2769 931 2834 racione
948 2786 1063 2835 census
1079 2768 1136 2835 ulii
1153 2771 1263 2856 populi

138 2874 231 2960 dent,
248 2873 376 2940 soluere
391 2893 456 2940 non
475 2879 611 2942 tenetur.
633 2877 713 2942 Item
734 2873 768 2938 in
785 2873 964 2940 minoribus
995 2874 1103 2942 causis
1135 2877 1266 2944 racione

132 2981 251 3066 judicii
283 2979 396 3050 (lomes
429 2983 526 3051 debet
556 2983 699 3067 recipere
729 2982 794 3048 duo
826 2980 980 3067 pondera,
1000 2989 1033 3049 et
1063 3004 1136 3048 non·
1160 2986 1264 3070 ultra3

136 3097 227 3158 actor
261 3109 337 3156 vero
363 3090 636 3176 consequetnr'id,
653 3091 739 3174 quod
756 3091 798 3158 dc
817 3089 1049 3158 consuetudine
1065 3109 1176 3156 eorum
1192 3090 1267 3159 hue·

136 3205 232 3264 tenus
263 3198 439 3264 consueuit.
475 3199 555 3265 Item
588 3198 628 3264 de
654 3198 780 3286 judicio
797 3198 876 3265 ville
892 3198 925 3262 in
943 3197 1120 3264 mineribus
1146 3199 1265 3285 causis,

136 3326 277 3393 proquo
295 3307 383 3390 prius
401 3307 514 3375 decem
530 3326 632 3392 pense
652 3307 859 3374 denariorum
892 3307 1112 3389 seluebantur,
1143 3308 1266 3374 miseri·

137 3413 283 3482 cordium
316 3413 452 3482 fecimus
484 3435 557 3480 cnm
591 3414 722 3500 eisdem,
756 3421 792 3482 ut
825 3413 865 3481 de
882 3421 989 3480 cetero
1006 3414 1136 3479 racione
1149 3413 1266 3498 judicii

137 3520 255 3589 Comiti
270 3520 415 3590 fraterne
429 3522 556 3589 soluere
573 3527 756 3588 teneantur.
773 3521 855 3588 Item
885 3521 920 3587 in
950 3520 1127 3603 majoribus
1156 3522 1265 3588 causis

135 3628 311 3713 homicidii,
344 3629 433 3716 furti,
473 3629 645 3714 latrocinij,
677 3628 812 3718 fulserij,
846 3628 998 3714 incendii,
1031 3627 1263 3696 mutilleoionis

2 3793 3 3828 3
136 3739 362 3818 membrorum,
394 3743 426 3804 et
457 3738 647 3822 sagittarios
679 3733 728 3825 (l)
760 3757 869 3803 eorum
903 3743 1057 3804 consueto
1088 3737 1121 3802 in
1152 3739 1266 3821 Regno

130 3845 259 3930 judIcIo
290 3845 512 3929 subjacebunt
555 3846 635 3911 Item
652 3843 784 3910 racione
800 3844 1009 3928 purgationis
1026 3844 1060 3910 in
1071 3843 1260 3927 juramento

137 3952 221 4019 duos
240 3952 392 4018 denarios
408 3949 578 4036 secerdoti,
597 3956 630 4017 et
646 3950 814 4019 duodecim
843 3952 994 4019 denarios
1026 3972 1084 4035 pro
1117 3956 1262 4037 ternpore

135 4060 312 4126 constituto
343 4056 460 4124 Conciti
494 4059 546 4125 uel
577 4057 719 4125 Officiali
736 4079 795 4126 suo
812 4056 890 4124 dere
907 4057 1028 4126 debent
1044 4057 1084 4123 de
1101 4060 1263 4126 communi

135 4167 394 4252 quandocunque
421 4166 606 4252 juraverint
636 4165 781 4233 homines
813 4185 911 4251 snper
942 4185 1008 4233 una
1040 4183 1149 4231 causo.
1182 4167 1263 4234 Item

136 4276 254 4342 Comes
285 4295 341 4342 sen
373 4272 532 4341 officialis
558 4276 712 4360 ipsorum,
745 4273 789 4339 ad
805 4273 1010 4358 litigandum,
1029 4293 1086 4340 seu
1102 4273 1265 4355 egendum

136 4383 276 4449 inuicem
292 4402 347 4448 eos
363 4382 554 4468 compellere
572 4401 633 4446 non
652 4381 781 4468 poterit,
815 4402 875 4449 nee
906 4402 964 4467 pro
996 4380 1127 4447 crimine
1159 4383 1265 4451 minus

139 4487 295 4556 evidenti.
311 4489 393 4554 Item
409 4486 550 4555 (luriulis
581 4487 696 4555 (lomes
731 4488 872 4574 ipsorum
893 4489 1056 4556 Vicarium
1074 4489 1265 4557 substituere

138 4617 201 4670 uon
221 4593 339 4690 poterit
355 4593 633 4684 adjudicandum,
652 4614 714 4662 nec
730 4595 1020 4683 condemnandum,
1042 4593 1145 4665 donee
1177 4597 1265 4667 vide·
