3116 5178
640 332 705 396 3:35

113 529 186 593 licet
203 527 298 591 libras
317 535 443 591 ccrrtuur
463 537 493 591 et
512 525 626 606 viginti
653 526 795 609 quinque
812 527 846 590 iu
865 545 927 588 uuo
943 544 1072 608 quoque
1090 525 1232 592 termino

20 685 21 716 3
113 633 365 720 supradictorum
398 641 533 715 urratuor
565 654 733 698 annorum.
766 631 1024 698 lteurdadrutini
1043 633 1227 699 omniasua

20 741 21 788 t
120 741 200 825 ligna
215 741 377 807 currentia
392 739 530 806 educent
548 739 589 804 de
622 740 717 804 Nona
732 759 841 805 secum
858 740 892 805 in
908 719 1056 824 Jadram,
1073 757 1136 819 que
1153 739 1229 805 reti-

20 915 21 922 *
118 847 226 913 nubunt
242 853 297 912 aut
312 846 453 913 vendent
468 845 514 912 ad
537 845 737 912 voluntatem
768 844 889 912 domini
906 845 1007 913 Ducis
1024 847 1076 912 vel
1093 843 1229 912 Comitis

20 965 22 996 Ξ
110 953 216 1020 dadre.
246 953 385 1038 Insuper
409 961 518 1020 autern
534 957 704 1039 postquam
721 951 883 1020 Jadretini
898 951 1038 1039 predicti
1053 953 1159 1036 primo
1174 951 1224 1018 in-

20 1073 27 1126 t
118 1063 237 1127 trabunt
252 1059 417 1128 civitatem
433 1059 647 1146 dadretinann‚
664 1059 934 1143 quandocumque
950 1079 970 1125 a
985 1059 1105 1127 donnini
1121 1059 1222 1126 Ducis

115 1175 143 1233 et
158 1166 304 1233 Comunis
337 1166 544 1233 Venetiarum
571 1166 704 1248 nuntiis,
730 1162 877 1252 syndicis
893 1183 949 1231 seu
965 1165 1229 1251 procuratoribus

114 1275 292 1358 requisitum
309 1273 416 1362 fuerit,
432 1274 577 1340 universi
594 1271 757 1338 Jadretini
774 1269 816 1341 ad
834 1275 987 1340 maiorem
1008 1273 1108 1339 etiarn
1125 1272 1222 1339 liaui-

110 1385 204 1446 tatem
220 1389 252 1448 et
267 1381 462 1449 evidentiam
493 1380 670 1465 pleniorem
694 1378 875 1447 deliberato
891 1379 1027 1446 consilio
1043 1380 1077 1445 in
1093 1381 1226 1467 publica

114 1490 253 1555 contione
285 1489 433 1574 predicta
463 1497 569 1574 pacta,
602 1485 843 1573 promissiones,
870 1488 1087 1572 obligationes
1102 1495 1135 1554 et
1150 1509 1229 1554 con-

113 1593 242 1664 ditiones
272 1597 498 1683 approbabunt
523 1603 556 1662 ct
587 1596 830 1682 confirmabunt,
848 1601 880 1662 et
902 1595 1088 1681 promittent
1119 1615 1179 1680 per
1193 1615 1229 1664 ac

112 1721 241 1787 suosque
272 1703 411 1771 heredes
442 1710 474 1770 et
489 1722 705 1790 successores,
722 1709 753 1768 et
768 1701 951 1769 iuramento
967 1703 1138 1771 firmabunt
1156 1705 1227 1771 nni-

112 1811 190 1877 uersi
206 1819 237 1879 et
252 1814 376 1896 singuli
393 1832 452 1898 pro
470 1833 529 1880 suo
546 1811 653 1896 capite
666 1813 778 1876 omnia
809 1809 957 1894 predicta
973 1824 1005 1877 et
1036 1812 1165 1896 singula
1184 1819 1232 1880 at·

113 1919 234 1986 uadem
266 1922 376 1986 lacere
408 1928 440 1986 et
466 1923 642 1987 obseruare
658 1920 691 1984 iu
709 1927 908 2005 perpetuum,
925 1927 959 1987 et
975 1921 1065 1986 nullo
1083 1930 1227 2006 tempore

113 2029 324 2094 conuuvenire
339 2027 450 2110 aliquo
467 2027 562 2094 modo
580 2031 631 2095 vel
665 2028 845 2096 occasione.
879 2028 946 2094 Hoc
979 2036 1087 2096 autem
1118 2031 1229 2097 omnia

20 2088 24 2222 Ι
112 2135 249 2218 predicta
280 2146 315 2204 et
344 2137 473 2219 singula
490 2157 549 2202 nos
583 2137 674 2219 Papo
706 2136 747 2201 de
763 2135 903 2201 Petrona
919 2143 951 2202 et
967 2135 1168 2220 Grisogonus
1185 2137 1227 2207 de

20 2227 22 2318 l
111 2243 216 2308 llauro
247 2244 363 2327 nuntii,
396 2244 536 2329 syndici,
569 2251 793 2326 procuratores
819 2248 852 2308 et
866 2253 994 2308 actores
1011 2243 1239 2330 predictorum

20 2319 24 2482 ι
111 2346 344 2417 Judretinorum
372 2351 587 2435 promittimus
620 2349 711 2415 robis
758 2349 889 2415 domiuo
922 2357 1032 2417 nostro
1073 2352 1158 2418 Duoi
1200 2361 1232 2420 et

111 2458 341 2524 successoribus
372 2459 490 2526 restris
521 2476 581 2542 pro
613 2455 781 2524 Communi
796 2456 1017 2544 venetiarum,
1036 2465 1068 2526 et
1083 2461 1227 2528 iuramus

110 2562 149 2627 ad
162 2563 283 2632 Sancta
300 2565 362 2632 Dei
379 2563 560 2649 Evangelia
576 2565 610 2630 in
636 2564 807 2630 animabus
822 2564 967 2648 ipsorum
983 2565 1226 2636 Judretinorum

20 2675 31 2828 ξ
106 2672 184 2738 etin
199 2673 374 2738 animabus
390 2671 509 2738 nostris
525 2668 703 2756 attendere,
721 2670 901 2757 adimplere
917 2678 949 2738 et
963 2673 1097 2740 firmiter
1115 2678 1225 2744 obser-

20 2829 24 2872 ,ι
110 2799 181 2846 sare
209 2779 243 2844 in
277 2787 479 2866 perpetuum,
511 2785 544 2846 et
575 2778 664 2844 nullo
695 2784 841 2864 tempore
872 2783 1098 2848 contravenire
1115 2783 1225 2868 aliquo

20 2873 25 2992 l
108 2887 198 2953 ruodo
216 2888 268 2954 rel
287 2887 469 2953 occasione.
484 2887 593 2953 Tener
609 2891 716 2952 autern
733 2886 810 2952 dieti
836 2887 1041 2954 instrumenti
1074 2909 1225 2972 procura·

20 2996 26 3154 ἰ
105 2993 195 3060 donis
225 3003 258 3060 et
290 2993 484 3081 syndicarie,
532 2992 623 3060 cuins
655 2999 704 3060 cst
734 2992 847 3058 habita
892 2993 1040 3078 superius
1089 2998 1221 3086 mentio,

108 3103 178 3169 tulin
194 3109 268 3171 est:

188 3210 228 3279 In
239 3209 371 3277 nomine
381 3209 442 3275 Dei
453 3210 562 3276 literni
573 3209 685 3275 Amen.
702 3209 797 3274 Anno
808 3211 849 3276 ab
860 3209 1086 3276 lucarnatione
1098 3211 1228 3280 Domini

107 3319 201 3386 nmtri
217 3319 298 3386 Jcsu
317 3315 438 3384 curisti
449 3316 623 3384 millesimo
634 3315 853 3383 ducentesimo
869 3317 1116 3401 quadragesimo
1127 3321 1227 3403 septi-

108 3443 163 3505 mo,
175 3425 228 3494 die
245 3426 361 3491 ultimo
378 3426 499 3490 mensis
514 3423 605 3509 dulit,
620 3421 797 3490 indictione
813 3422 934 3506 quinta.
952 3424 1033 3490 Cum
1049 3425 1229 3511 instigante

103 3527 233 3599 humaui
264 3531 397 3614 generis
427 3533 558 3598 inimico
590 3537 623 3597 et
648 3529 851 3614 exigentibus
866 3533 1010 3614 peccatis
1026 3533 1144 3610 nostris
1162 3555 1222 3602 nos

106 3639 264 3706 dadretini
297 3637 472 3705 Civitatem
503 3637 705 3705 Jadrctinam
738 3637 1007 3707 rebellaverinnus
1039 3641 1226 3712 sineoausa

102 3755 214 3812 contra
229 3745 413 3833 piissimum
431 3746 594 3812 dominum
620 3753 761 3811 nostrum
779 3744 936 3812 Jacobum
967 3747 1151 3834 Teupnlum
1168 3753 1231 3820 Dei

108 3857 208 3937 gratia
236 3855 458 3940 Venetiaunm,
490 3855 653 3920 Dalmatie
670 3861 766 3938 atque
792 3853 944 3922 Obroatie
959 3854 1092 3939 Ducem,
1118 3859 1230 3926 Domi-

108 3980 178 4028 num
209 3982 340 4046 quoque
366 3962 489 4040 Quarte
511 3956 626 4027 ‘Partis
657 3969 688 4026 ct
719 3960 861 4028 Dimidio
893 3962 989 4038 totius
1023 3963 1232 4048 lmperiiRc-

108 4071 218 4156 mauic‚
251 4077 283 4135 et
313 4076 427 4135 contra
456 4069 708 4136 famosissimam
740 4078 773 4134 et
803 4070 1009 4151 magnificam
1028 4072 1228 4140 Prorintiam

108 4173 321 4264 venetiarum,
349 4183 380 4243 et
410 4197 520 4243 eorum
551 4177 779 4243 incurrerimus
810 4177 1068 4262 indignationem
1102 4181 1162 4245 buc
1187 4183 1229 4248 de

20 4267 27 4350 ‘l
107 4285 251 4350 cansain
284 4290 421 4364 tantum,
454 4284 858 4367 quodauictoriosissinro
879 4286 1022 4351 exercitu
1041 4286 1228 4355 eorumdem

20 4351 25 4486 l
108 4397 198 4474 copta
230 4391 363 4458 cir-itate
395 4391 575 4476 Jadretina,
608 4393 734 4460 volente
766 4393 904 4459 Domino
937 4393 1030 4461 eiecti
1046 4401 1077 4463 et
1094 4396 1228 4482 expulsi

20 4499 23 4592 ξ
106 4493 259 4564 fuerimus
275 4498 315 4563 de
332 4499 457 4582 eadem,
475 4507 507 4566 et
522 4500 742 4568 confusionem
753 4497 1028 4577 etdesolutionem
1051 4505 1228 4570 maximam

20 4599 22 4718 l
105 4604 188 4685 passi
203 4603 357 4671 fuerimus
373 4604 407 4669 in
425 4606 518 4675 terris
536 4607 662 4694 alienis,
680 4617 797 4688 tamen,
816 4607 893 4676 licet
922 4609 1085 4693 immeriti,
1112 4612 1227 4678 conlisi

20 4725 25 4834 l
1059 4717 1122 4786 23·

20 4855 23 4896 l

20 4999 22 5034 l
