3182 5200
566 401 728 506 Q
758 457 761 468 Α

83 604 204 674 irritas
220 599 444 674 indissolubili
467 601 647 672 stabilitate
662 601 757 670 duret
773 603 805 670 iu
823 607 999 693 posterum,
1023 608 1207 691 presentem

83 711 237 802 paginam
261 711 365 796 sigilli
380 709 482 782 mesni
502 711 599 780 titule
615 709 848 781 roboravimus.
872 713 992 780 Datum
1009 731 1068 799 per
1091 731 1207 780 manus

1 854 2 858 ¹
38 836 43 842 ·
83 819 255 906 Desiderii,
271 819 354 888 Aule
368 820 471 906 Regis
487 819 684 889 cancellarii
696 827 729 887 et
749 819 911 908 Prepesiti
927 819 969 889 de
983 817 1106 906 Scibin,
1121 839 1207 889 aune

1 927 13 944 ”
83 929 254 1001 Dominice
269 927 515 998 incarnacionis
531 927 626 998 osec.
644 926 833 997 Venerabili
845 925 1207 1024 Jebiitrigeuieusidr·

1 1089 2 1102 2
85 1039 291 1128 ebiepiseope
308 1036 476 1125 existente,
493 1036 682 1106 Reverendo
698 1038 779 1106 Saul
797 1035 967 1105 (lelecensi
986 1034 1210 1122 Archiepisee·

1 1183 2 1215 r
83 1170 133 1236 pe,
155 1145 284 1214 Catane
311 1144 655 1230 Quinqueecelesiensi
687 1145 851 1233 llpiseepe
862 1197 872 1234 ,
896 1145 1023 1230 Ugriue
1046 1141 1209 1213 Geurensl

1 1283 2 1332 l
83 1255 257 1343 llpiscepe,
273 1253 443 1322 Dominice
459 1253 673 1340 Zagrabiensi
699 1251 872 1341 Episcopo.
887 1252 979 1322 Mika
995 1251 1158 1319 Pallatiue
1175 1257 1208 1318 et

83 1361 257 1432 Bnehiensi
274 1363 410 1452 Gemite,
428 1363 606 1433 Benediete
621 1361 712 1430 Bane
724 1370 756 1433 et
767 1361 891 1430 Gemite
902 1361 942 1429 de
958 1362 1051 1449 zara,
1065 1359 1207 1445 Leglere

1 1519 3 1550 ,
84 1469 251 1561 lloyvoda,
268 1471 407 1560 Weyteb
418 1471 542 1540 (luriali
559 1478 593 1539 et
608 1469 765 1540 Nitrienei
781 1469 915 1559 Gemite,
925 1468 1095 1539 Theodoro
1105 1467 1209 1538 Cerni·

82 1589 113 1648 te
126 1577 166 1650 de
183 1579 318 1669 Budrig,
334 1581 466 1668 Ospano
482 1579 606 1650 Gemite
623 1578 665 1648 de
680 1581 823 1668 Supruu.

1 1762 3 1803 3
84 1780 242 1847 (Μαίας,
261 1781 445 1839 monumenta
463 1782 528 1836 hist.
548 1781 734 1848 Episcopatus
756 1781 952 1848 ngrabisusis
970 1781 993 1832 1.
1013 1780 1072 1834 ket.
1092 1785 1117 1832 9.
1140 1781 1220 1844 lap->¹

514 2069 782 2082 ιᾲ-υ-

621 2609 672 2680 48.

87 2795 194 2881 dadis
212 2817 339 2898 berem
354 2811 418 2878 eda
433 2811 508 2879 iectu·
523 2837 545 2879 e
562 2813 695 2900 aderadi
709 2811 895 2898 oppidaneis
914 2808 1102 2878 aratoria
1130 2815 1210 2878 areo

527 2921 642 3006 frildet.
659 2919 757 2987 1200.

1 3174 2 3193 2
190 3121 229 3187 ln
261 3117 392 3186 nemine
422 3117 542 3185 Sancto
570 3115 741 3185 Trinitatis
772 3123 804 3184 et
835 3115 1007 3185 lndiridue
1055 3115 1207 3184 Unitatis.

86 3222 262 3312 d(ndreae)
289 3223 350 3293 Dei
368 3225 482 3310 groela
504 3225 684 3308 Dalmaeie‚
711 3223 858 3311 (treacle,
875 3223 1071 3308 Obolmeque
1087 3224 1162 3291 Dux
1177 3225 1218 3293 iu*

1 3346 2 3394 l
86 3339 283 3419 perpetuum.
324 3335 362 3400 lu
401 3333 557 3422 primaria
593 3334 715 3419 legum.
743 3333 913 3399 sanctione
944 3338 1043 3399 canta
1067 3337 1209 3402 veterum

1 3518 2 3521 Ἴ
86 3440 264 3527 prudencia
299 3439 371 3509 suis
409 3443 443 3509 in
483 3447 646 3526 posterum
678 3443 828 3508 sollerter
860 3440 1035 3525 providens
1066 3440 1100 3506 in
1116 3439 1211 3525 Regi·

1 3551 2 3622 l
88 3551 147 3618 bus
185 3569 224 3616 ae
264 3549 393 3634 magnis
417 3549 563 3618 Ducibus
586 3548 751 3616 iusticiam
782 3549 922 3636 amplius
953 3545 1209 3634 commendavit;

1 3698 2 3755 l
82 3657 215 3742 justicia
245 3657 333 3724 enim
373 3662 433 3742 est,
466 3677 528 3742 que
567 3655 675 3724 reddit
714 3656 887 3740 unicuique
909 3653 997 3740 qued
1028 3675 1119 3722 suum
1151 3663 1210 3724 est.

1 3761 2 3797 ¹
86 3766 200 3833 ilerum
241 3765 340 3850 igitur
379 3765 526 3850 vestigiis
563 3765 671 3832 arcius
708 3767 893 3852 innitentes,
932 3783 1005 3831 eum
1052 3764 1211 3832 univorsis

1 3876 3 3967 ξ
85 3871 169 3939 intra
205 3874 361 3942 terminos
394 3873 529 3942 dominii
568 3875 670 3939 nostri
701 3873 860 3940 iusticiam
892 3872 1001 3938 lacere
1031 3877 1210 3956 teneamur,

1 3969 2 3993 ¹
86 3979 219 4064 primam
243 4000 285 4050 ae
308 3983 496 4069 precipuum
528 3981 616 4048 circa
646 3979 707 4047 Dei
740 3979 905 4048 Ecclesiae
935 3979 1113 4063 gerendam
1139 4000 1211 4048 esse

86 4087 334 4158 sollicitudiuem
350 4111 423 4158 eum
441 4088 555 4157 lavere
571 4089 769 4175 Principum,
795 4089 874 4155 nulli
891 4088 980 4154 venit
1005 4086 1038 4153 iu
1064 4087 1206 4154 dubium.

1 4271 3 4284 ¹
86 4197 224 4264 Causam
248 4199 369 4285 itaque,
387 4218 451 4282 que
467 4203 598 4265 versata
613 4204 663 4265 est
679 4199 764 4263 inter
781 4196 981 4263 Dominieum
1007 4192 1205 4280 Zagrabieu·

87 4322 156 4372 sem
177 4307 374 4392 Episcopum
388 4312 423 4372 et
440 4305 571 4373 Petrum
596 4303 728 4372 fratrem
756 4303 865 4371 Zadur
881 4305 921 4371 de
943 4303 1083 4389 quadam
1109 4309 1206 4389 terra,

1 4437 2 4463 1
86 4431 149 4496 que
165 4421 295 4481 secatur
313 4413 511 4501 Graboniac,
539 4433 610 4480 cum
627 4411 835 4496 Magnetibus
859 4411 979 4479 nestris
995 4410 1107 4478 ordine
1122 4409 1207 4477 iudi-

86 4520 185 4588 ciario
199 4528 441 4609 cognoscentes,
458 4521 671 4608 comperimus
696 4539 768 4588 esse
785 4525 904 4586 terram
929 4518 1109 4605 supradicti
1133 4517 1210 4604 Epi-

45 4687 48 4692 ,
87 4627 340 4714 seepi,prediete
350 4629 449 4698 Petro
465 4629 605 4716 plurium
622 4627 808 4696 testimonie
819 4628 851 4693 in
864 4628 933 4696 iure
949 4628 1107 4696 convicto.
1124 4625 1208 4692 Gen·-

87 4737 216 4806 tutimus
238 4756 316 4824 erge
339 4745 460 4808 terram
483 4735 664 4826 predictam
697 4741 934 4824 prememorato
959 4735 1123 4827 Episcopo
1140 4734 1210 4804 iure
1323 4815 1324 4818 Ἴ
