3184 5186
797 287 953 386 ..28ss

311 510 381 557 mus
397 486 591 572 generalem,
611 484 644 550 iu
664 482 778 549 eadem
804 483 1063 565 congregacione
1095 491 1208 549 nostra
1238 483 1441 552 Laurentius

311 599 396 666 lilius
413 597 498 664 Petri
516 596 557 660 de
574 595 677 678 Bora,
710 592 923 658 etJohanues
956 592 1040 658 filius
1065 593 1194 659 Nicolai
1226 594 1283 678 filij
1316 591 1442 659 Joanas

310 705 411 774 frater
428 705 572 771 eiusdem
588 703 743 786 patruelis
765 743 801 750 -
822 738 865 747 -
884 699 1008 788 (Paeha
1034 706 1118 768 nevil
1144 701 1293 767 birtokra
1325 698 1439 782 nonve)

314 855 351 863 -
371 851 414 862 -
430 833 526 896 qnam
544 829 629 876 nuno
645 807 831 894 Stephanus
862 809 902 875 de
935 809 1044 876 Paoha
1074 807 1218 876 indebite
1249 807 1439 892 occupando

310 928 519 989 eonseruaret
534 953 573 966 -
596 955 636 964 -
655 943 719 998 -;
741 917 898 1000 quasdam
916 919 1043 983 litteras
1060 917 1287 1002 priuileginles
1315 915 1441 983 domini

311 1027 467 1116 Stephani
485 1029 571 1112 olym
589 1025 669 1090 Belo
685 1025 785 1107 Regis
803 1024 1018 1108 primogeniti,
1044 1024 1145 1090 Duois
1161 1023 1391 1091 Traussiluani
1408 1031 1441 1088 et

310 1136 427 1221 Styrie,
445 1154 485 1201 ae
501 1131 623 1200 domini
648 1128 861 1198 (lomanorum
893 1135 927 1198 in
960 1155 1046 1199 auno
1077 1134 1208 1200 Domini
1240 1129 1441 1198 M⁰CG⁰LX⁰

312 1249 480 1311 emanatas
496 1240 709 1328 presentauit,
742 1241 826 1307 iuter
842 1246 953 1307 uetera
969 1241 1198 1326 exprimentes,
1230 1239 1318 1324 quod
1348 1238 1441 1306 idem

311 1352 459 1420 dominus
476 1348 661 1437 Stephanus
678 1348 751 1415 Dux
767 1347 967 1433 Stephanum
985 1357 1017 1417 et
1033 1350 1128 1416 hlark
1142 1351 1228 1416 filios
1260 1349 1319 1414 Ino
1345 1346 1440 1430 joba-

310 1461 424 1546 giones
440 1460 547 1529 (lastri
562 1458 768 1526 Zaladiensis
786 1467 917 1544 propter
935 1459 1127 1545 multiplicia
1144 1461 1354 1527 seruitiorum
1372 1477 1441 1523 me-

296 1572 373 1654 rita
387 1569 560 1636 eorundem
576 1569 610 1634 in
627 1576 801 1654 conspeetu
818 1568 982 1636 oculorum
1001 1568 1065 1635 Sue
1091 1569 1225 1636 Duoalis
1257 1566 1442 1633 Maiestatis

312 1679 541 1764 impensorum,
567 1699 637 1744 oum
654 1677 739 1744 Jona
770 1697 810 1742 ao
841 1677 964 1762 Vydus,
996 1677 1143 1760 eoguatis
1175 1697 1215 1744 ao
1246 1673 1442 1762 propinquis

312 1784 486 1851 eorundem
503 1806 524 1850 a
534 1783 752 1868 jobagionatu
770 1780 876 1849 Casiri
893 1783 1097 1850 Zaladiensis
1114 1783 1210 1850 simul
1242 1803 1314 1849 oum
1339 1783 1441 1848 terris

311 1893 389 1980 suis,
406 1913 488 1976 quas
505 1893 575 1959 sine
592 1891 772 1976 preludioio
791 1891 870 1957 iuris
889 1891 985 1957 alieni
1002 1891 1236 1978 possedissent,
1253 1891 1439 1974 eximendo,

311 2004 344 2069 iu
362 2021 529 2068 nnmerum
547 2009 578 2067 et
594 2008 699 2066 cetum
715 1999 873 2066 nobilium
891 2003 1106 2068 seruienoium
1130 2001 1300 2084 Regalium
1328 1998 1440 2065 duxis-

311 2118 361 2177 set
377 2109 639 2194 transferendos,
665 2110 876 2196 committens,
896 2119 929 2174 ut
945 2119 1011 2175 tam
1027 2111 1101 2194 ipsi,
1119 2131 1215 2194 quam
1242 2129 1350 2176 eorum
1383 2107 1442 2171 he·

311 2219 414 2302 redes,
432 2217 633 2284 etheredum
650 2239 778 2284 suorum
795 2237 1000 2285 suceessores
1018 2239 1057 2284 ea
1082 2218 1245 2302 gaudeant
1275 2217 1441 2302 libertate,

311 2346 376 2410 qua
392 2332 424 2391 et
440 2328 538 2391 oeteri
554 2325 659 2407 Regni
675 2327 725 2392 sui
742 2327 869 2392 nobiles
886 2328 1066 2393 seruientes
1081 2328 1221 2410 Regales
1235 2325 1441 2392 dinosceren-

312 2443 362 2501 tur
377 2434 556 2522 gratulari,
584 2442 702 2500 terram
719 2447 828 2501 eorum
845 2457 902 2521 per
918 2435 1122 2503 Gothardum
1140 2437 1179 2502 de
1195 2435 1309 2520 Choby
1334 2431 1442 2498 hnmi-

311 2561 384 2609 nem
402 2561 493 2608 suum
510 2543 569 2608 sub
586 2542 771 2606 testimonio
790 2541 969 2609 Comitatus
985 2541 1190 2609 Zaladiensis
1222 2543 1265 2606 ab
1297 2541 1440 2607 aliorum

311 2651 405 2718 terris
422 2657 579 2717 metarum
597 2645 682 2736 (lgy)
700 2650 732 2714 in
751 2649 862 2716 eodem
881 2652 1055 2735 priuilegio
1066 2670 1291 2735 expressarum
1303 2647 1440 2716 distine-

311 2757 457 2824 oionihus
474 2756 658 2841 separando
676 2757 737 2821 stb.
754 2757 814 2820 stb.
848 2757 964 2822 Datum
983 2762 1121 2844 septimo
1138 2758 1192 2823 dia
1207 2759 1440 2841 congregacio-

311 2867 362 2933 nis
378 2864 524 2950 prediote
540 2885 625 2930 anno
641 2864 772 2931 Domini
790 2864 961 2931 millesimo
979 2869 1205 2934 tercentesimo
1236 2866 1440 2949 quinquage-

310 2975 390 3040 simo
407 2979 530 3057 quarto.
557 2967 563 2978 “

432 3173 573 3235 (Eredetie
585 3173 761 3242 borbat-ipah
783 3173 896 3226 abudai
909 3173 962 3228 kir.
982 3172 1110 3226 kamarai
1122 3173 1317 3239 levdltdrban.)
