3160 5208
599 1001 654 1068 98.

73 1199 197 1286 Ape'oei
210 1199 437 1285 supratonsus
453 1201 733 1287 dizonpsdqleuele,
750 1203 831 1286 kopp
847 1200 963 1266 Endos
979 1201 1134 1268 Atlzdsak
1141 1200 1193 1284 fia

12 1319 14 1400 ᾖ
142 1307 241 1372 Bosol
256 1315 341 1372 nesii
357 1308 498 1374 hircosus
514 1307 610 1372 Potor
626 1307 867 1390 Endusfiduuk
884 1307 998 1372 elodto.
1025 1307 1121 1374 1217.

12 1415 15 1514 k
27 1453 29 1458 .

168 1499 284 1567 Petrus
312 1500 672 1585 Quinqneeoolesiensis
703 1500 893 1586 Propositus
925 1510 957 1567 et
990 1508 1091 1570 totum
1123 1502 1193 1569 eius

78 1607 209 1672 Faolesie
225 1607 415 1691 Capitulum
434 1609 594 1691 omnibus,
611 1606 655 1673 ad
672 1627 753 1690 quos
770 1617 938 1692 presentes
953 1607 1062 1676 littere
1078 1627 1192 1694 perne·

72 1712 167 1778 nednt
180 1715 319 1781 salutem
337 1715 371 1780 in
389 1715 539 1782 Domino.
565 1711 671 1792 Quum
691 1733 730 1782 es
746 1734 809 1800 que
825 1724 981 1799 geruntur
997 1719 1030 1781 in
1046 1723 1190 1801 tempore

74 1817 134 1884 lobi
149 1822 252 1885 solent
269 1841 343 1887 oum
360 1829 528 1906 tempore;
553 1821 684 1904 dignum
704 1830 764 1907 est,
781 1828 871 1916 vt'ea
899 1840 962 1905 qne
992 1822 1192 1906 posteritatis

19 1941 27 1948 ·
75 1926 212 1992 memorie
228 1927 490 1995 commendanda
506 1935 592 2012 sunt,
609 1930 791 1995 litterarum
809 1926 993 1995 testimonio
1004 1927 1193 1994 oonlirmen·

76 2039 126 2098 tur.
146 2033 225 2099 lude
243 2043 305 2118 est,
325 2034 413 2118 quod
428 2033 637 2104 uniuersitsti
654 2041 759 2102 vestre
785 2042 897 2101 notum
930 2053 1003 2102 esse
1033 2035 1193 2119 volumus,

75 2139 146 2218 qnod
160 2139 276 2208 Petrus
297 2141 383 2207 filius
399 2141 522 2226 suom,
539 2163 579 2210 ex
596 2161 757 2210 consensu
775 2141 992 2209 illustrissimi
1009 2141 1109 2223 Regis
1126 2143 1190 2208 An·

73 2241 147 2327 dree,
163 2247 249 2331 tertij
266 2247 348 2314 Bele
363 2249 462 2332 Regis
480 2248 550 2334 filij,
567 2252 610 2316 ab
626 2249 737 2316 Endos
754 2249 819 2315 filio
835 2247 922 2313 Atha
932 2246 1078 2334 predium
1091 2247 1189 2330 quod·

75 2349 285 2422 dannomine
304 2355 413 2439 Basal,
431 2375 503 2422 oum
514 2362 655 2441 quatuor
665 2355 827 2441 capitibus
838 2355 1073 2440 libertinorum,
1083 2362 1190 2422 uoton-

22 2530 25 2539 ¹
74 2458 153 2540 ginta
167 2469 309 2545 quatuor
325 2464 444 2530 mareis
460 2462 669 2549 comparauit,
688 2463 781 2547 eique
796 2464 967 2547 peouninm
994 2482 1052 2545 per
1076 2479 1191 2528 manus

75 2564 204 2655 duorum,
221 2569 356 2636 Nicolsi
374 2569 502 2636 seilicet
517 2571 574 2656 filij
592 2572 689 2653 Esus,
707 2579 740 2636 et
755 2570 881 2636 Nioolsi
908 2568 963 2654 filij
997 2567 1192 2652 Sebastiani,

75 2691 143 2754 quos
157 2673 241 2741 inter
257 2676 351 2760 ipsos
367 2675 471 2760 Regia
488 2676 655 2744 Oelsitudo
682 2674 860 2759 pristaldos
892 2675 1123 2756 destinauerat,
1154 2674 1189 2740 in

73 2783 231 2864 presencia
247 2791 364 2849 nostra
379 2785 529 2869 plenarie
555 2783 723 2868 persoluit.
765 2785 935 2850 Terminus
962 2789 1069 2850 autern
1101 2780 1190 2849 illius

73 2886 175 2971 predij,
207 2891 294 2956 sieut
311 2911 353 2956 ex
368 2890 532 2957 relsoione
549 2889 685 2956 duorum
703 2886 944 2974 pristaldornm,
978 2896 1010 2955 et
1027 2889 1191 2971 utriusque

75 2995 164 3077 partis
179 3017 322 3064 assensu
338 2995 436 3084 (my),
454 2997 571 3083 inoipit
588 2996 629 3063 de
645 2998 748 3081 Rywo
764 2995 871 3080 Alma,
889 3001 921 3061 et
936 2994 1029 3062 vadit
1044 3015 1102 3082 per
1117 3014 1190 3081 par·

75 3119 138 3168 uam
152 3106 275 3172 uallem
293 3105 339 3172 ud
354 3103 476 3172 Orman
493 3105 536 3172 ad
553 3102 773 3188 oeoidentem;
798 3111 831 3169 et
855 3100 930 3168 inde
957 3102 1048 3169 uadit
1079 3122 1190 3171 versus

74 3211 247 3290 squilonem
265 3213 302 3278 in
318 3213 383 3298 uis,
401 3219 433 3278 et
448 3213 600 3297 peruenit
616 3211 659 3278 ad
675 3217 795 3278 terrem
812 3211 926 3277 Sunoti
950 3209 971 3275 J
974 3209 1086 3292 aoobi;
1111 3210 1188 3277 inde

74 3316 152 3382 uadit
167 3318 210 3386 sd
226 3321 385 3386 orientem
404 3320 448 3386 ad
465 3339 564 3387 vnum
581 3321 684 3387 riuum
701 3319 756 3402 qui
774 3325 906 3385 vocatur
923 3317 1052 3383 Kutusd
1069 3323 1101 3384 et
1130 3337 1191 3401 per

72 3423 197 3492 eundem
215 3425 360 3493 rinulum
377 3424 469 3492 vadit
485 3425 528 3494 sd
544 3425 756 3512 oooidentem,
775 3432 807 3493 et
822 3425 868 3491 ibi
885 3422 1031 3490 aseendit
1046 3443 1105 3508 per
1121 3424 1189 3490 usl-

75 3530 143 3614 lsm;
167 3541 199 3600 et
216 3534 263 3600 ibi
280 3541 379 3620 meta,
397 3552 459 3616 que
475 3543 524 3601 est
549 3533 727 3602 eommunis
755 3552 827 3598 oum
857 3531 941 3598 villa
971 3529 1190 3617 Symigyensi‚

76 3656 129 3719 que
144 3646 281 3707 voratur
297 3639 391 3724 Bato,
409 3648 441 3708 et
457 3661 516 3724 per
532 3638 653 3706 vallem
670 3639 763 3706 uadit
780 3637 824 3704 sd
838 3637 1039 3705 oooidentem
1056 3637 1100 3704 ad
1124 3657 1191 3703 ma·

72 3749 276 3828 gnossiam,
293 3765 357 3831 que
374 3755 509 3814 voantur
535 3747 590 3811 via
615 3746 837 3831 Imperatoris,
871 3751 903 3810 et
932 3746 994 3810 illa
1027 3744 1118 3811 uadit
1149 3745 1191 3812 ad

12 3873 16 3890 ‚
73 3851 227 3944 orientem,
247 3863 280 3920 et
296 3854 446 3919 ibimeta
463 3873 526 3936 que
544 3860 594 3920 est
626 3851 804 3918 eommunis
837 3870 910 3917 oum
942 3852 1023 3916 villa
1054 3852 1192 3920 Abbatis

72 3957 173 4027 Souoti
188 3961 334 4037 Martini,
352 3978 413 4044 qne
430 3967 563 4028 voratur
579 3958 717 4046 Ruoroh,
736 3966 768 4027 et
784 3979 843 4044 per
870 3958 1006 4025 eandem
1032 3958 1119 4024 viam
1150 3959 1193 4027 ad

12 4111 14 4146 ι
73 4076 192 4148 pontem
209 4069 318 4153 Alma,
336 4069 390 4152 qui
407 4075 544 4136 vocatur
560 4087 699 4151 magnus
715 4087 808 4152 pons,
826 4075 857 4132 et
882 4085 942 4151 per
967 4065 1104 4134 eundem
1136 4067 1192 4132 flu·

12 4171 15 4254 ξ
73 4174 149 4242 uinm
165 4176 264 4242 Alma
281 4195 394 4242 versus
410 4174 578 4242 meridiem
595 4176 688 4242 iuxta
704 4173 847 4260 predium
864 4172 967 4257 Zuda,
999 4180 1030 4239 et
1057 4171 1191 4240 inferius

12 4263 16 4382 ἰ
72 4280 112 4344 sd
124 4289 245 4350 terram
261 4281 421 4369 Stephani
435 4279 493 4364 filij
512 4281 668 4364 llartini3
693 4279 767 4347 inde
784 4280 827 4346 ud
843 4287 960 4346 terram
987 4276 1103 4346 Jaoobi
1130 4279 1187 4369 filij

12 4395 21 4524 ι.
74 4383 229 4475 ngyus3
254 4389 331 4458 inde
348 4389 390 4455 ud
406 4389 543 4456 eundem
559 4389 666 4455 loonm
683 4389 768 4456 vnde
783 4387 982 4473 inoepimus;
1007 4393 1040 4452 et
1072 4387 1116 4454 ibi
1143 4395 1192 4456 est
1267 4427 1269 4432 ·

12 4529 16 4582 u
74 4497 152 4563 terra
167 4497 335 4582 Benedicti
352 4496 408 4581 filij
425 4495 565 4562 Martini.
608 4497 693 4564 Heio
709 4495 906 4582 vendicioni,
932 4500 964 4562 et
991 4493 1081 4562 illius
1108 4502 1192 4563 terre

72 4600 250 4672 eirouioioni
268 4610 480 4672 assenserunt
495 4621 607 4670 omnes
632 4601 729 4670 vieini
756 4601 1033 4685 eironmiaoentes,
1057 4621 1195 4684 quornm
