3182 5200
527 350 685 455 ju„

68 551 154 640 ipsius
170 547 247 617 Boni
265 548 469 638 capellanum
487 547 685 638 cyprianum
697 550 839 634 nomine,
855 547 1167 638 intecircumdatic,
1236 539 1247 550 “

18 683 21 750 j
68 661 117 730 snb
132 657 233 744 sigillo
247 679 305 726 suo
322 680 429 728 coram
445 681 541 745 quam
558 660 703 746 pluribus
721 661 944 728 castrensibus
963 667 994 728 et
1012 659 1167 746 Zagrabi·

68 769 180 836 ensibus
196 767 366 836 Canonicis
382 768 474 835 nullo
491 767 692 854 prohibente,
708 787 768 835 nec
784 769 818 833 in
835 768 945 854 aliquo
972 769 1065 837 metis
1096 789 1165 858 pre·

18 873 20 954 ?
70 875 123 944 iste
137 880 211 943 terre
226 874 476 960 contradicente,
493 876 623 943 nomina
640 875 826 962 prediorum
844 884 877 944 et
888 884 1046 944 metarum
1058 897 1170 966 snpra·

18 983 132 1052 dicti
147 985 270 1052 Comitis
288 988 320 1053 et
330 982 578 1069 fratrnmrpsrns
590 984 683 1052 nobrs
693 985 771 1050 secut
782 983 954 1070 deportari
972 984 1041 1063 Quo
1052 1007 1169 1067 omnm
1283 1059 1286 1068 ,

18 1071 22 1132 d
70 1101 125 1161 tam
139 1093 244 1178 predia
259 1115 357 1178 qnam
375 1099 478 1160 terres
495 1112 567 1158 cum
583 1094 700 1160 ceteris
717 1092 924 1178 pertinentiis
940 1096 1009 1162 stris
1025 1095 1166 1179 integra·

18 1203 134 1288 liter,
146 1202 240 1269 sient
233 1223 265 1268 m
281 1201 423 1288 presenti
440 1201 615 1286 privilegio
631 1201 825 1289 continetur,
842 1201 904 1269 sibi
921 1221 992 1268 cnm
1013 1199 1166 1270 iratribus

17 1317 19 1404 ξ
66 1311 129 1396 sois,
142 1317 171 1377 et
185 1331 238 1396 per
254 1331 330 1378 eum
346 1311 420 1377 filiis
437 1317 469 1376 et
485 1310 721 1378 successoribus
731 1329 851 1394 eorum,
862 1309 1055 1378 anctoritate
1067 1309 1169 1396 Regia

17 1421 20 1512 ᾗ
67 1419 276 1502 confirmamus,
292 1419 395 1485 talem
411 1416 517 1484 eidem
533 1423 618 1485 terre
635 1416 849 1485 concedentes
866 1417 1051 1486 libertatem
1065 1443 1072 1484 :
1084 1418 1170 1503 qnod

17 1513 20 1626 j
66 1526 155 1594 nuilus
169 1527 283 1611 Banns,
299 1526 413 1594 nullus
430 1525 544 1593 Comes
562 1525 629 1593 sire
646 1525 782 1609 quilibet
799 1525 882 1592 alius
898 1523 939 1592 do
956 1532 1061 1594 cetero
1072 1545 1168 1613 super

17 1637 19 1722 i
66 1635 138 1701 illum
153 1642 275 1722 terram,
293 1635 360 1702 nisi
378 1656 417 1702 ex
433 1634 518 1700 bona
534 1636 703 1702 voluntate
719 1655 840 1718 eorum,
858 1654 985 1718 quoquo
1002 1655 1080 1702 casu
1097 1654 1166 1720 pre·

17 1747 152 1830 'termut
168 1743 376 1810 descendere.
414 1741 546 1809 Prima
538 1743 640 1828 igitur
655 1746 743 1810 meta
761 1741 866 1827 predii
891 1743 1002 1809 Dobra
1029 1741 1170 1829 nomine,

17 1831 138 1937 qnod
153 1857 197 1917 est
212 1850 394 1936 supradicti
410 1845 596 1938 i(ratizlei)
623 1849 758 1916 Comitis
789 1855 821 1917 ct
854 1849 1167 1933 consanguineorum

69 1959 124 2024 eins
127 1957 254 2042 ‚incipit
270 1978 291 2024 a
308 1958 410 2025 Zawa
427 1966 458 2024 et
477 1958 580 2025 tendit
595 1955 640 2024 ad
655 1956 821 2044 lapideum
839 1964 975 2040 portum,
993 1955 1111 2024 deinde
1126 1956 1171 2023 ad

71 2067 196 2132 arborem
212 2066 311 2154 pomi,
330 2067 386 2133 ubi
401 2073 451 2133 est
466 2072 553 2132 meta
569 2065 609 2132 de
625 2074 723 2147 terra,
740 2065 859 2132 deinde
875 2065 918 2130 ad
934 2064 1123 2132 arborem
1093 2086 1168 2149 prrr,

68 2171 177 2240 indeed
192 2174 341 2242 arborem
359 2175 476 2258 cerasi,
491 2174 567 2241 inde
583 2174 672 2240 vadit
687 2173 731 2240 ad
763 2175 909 2242 arborem
941 2172 1020 2260 sagi,
1053 2170 1170 2240 deinde

69 2281 247 2366 progreditur
262 2284 305 2350 ad
323 2284 471 2349 arborem
488 2283 587 2366 dumi,
606 2281 739 2350 indeed
756 2282 903 2349 arborem
919 2281 998 2368 sagi,
1027 2301 1088 2365 que
1105 2286 1172 2348 stat

16 2388 189 2474 superins
206 2391 238 2457 in
254 2403 377 2477 monte,
394 2391 471 2457 indo
488 2412 548 2477 per
565 2389 719 2458 directum
737 2390 780 2456 ad
797 2409 952 2456 cacumen
970 2389 1088 2456 montis
1114 2390 1168 2455 ubi

66 2711 136 2777 radit
150 2713 188 2778 ad
204 2715 320 2800 rivum,
334 2714 454 2781 deinde
469 2714 619 2802 superius
636 2713 738 2780 tendit
754 2714 797 2778 ad
814 2713 961 2782 arborem
979 2711 1077 2794 dumi,
1094 2715 1170 2782 inde

66 2819 293 2911 udEcclesiam,
311 2844 373 2908 que
388 2834 437 2890 est
453 2825 486 2890 in
504 2824 625 2890 bonore
643 2822 797 2889 Omnium
815 2823 1014 2906 Sanctorum,
1035 2820 1172 2888 abhinc

32 2921 266 2998 deseenditad
285 2935 433 2999 arborem
459 2931 582 3018 popuii,
614 2930 690 2997 indo
721 2931 858 2998 tendens
889 2929 1094 3016 progreditur
1127 2929 1169 2997 ad

67 2547 304 2676 inderevertitnr
321 2607 364 2674 ad
383 2609 486 2674 locum
505 2611 558 2690 qui
586 2605 702 2672 dieitur
734 2604 821 2692 Calc,
854 2605 932 2672 inde
965 2605 1168 2674 descendens

66 3031 145 3102 ctiam
157 3037 304 3106 arborem
321 3041 442 3125 populi,
467 3060 530 3123 que
547 3045 612 3106 stat
628 3042 719 3105 iuxta
736 3039 841 3105 rivom
857 3038 986 3105 nomine
1002 3039 1169 3124 Studeusz,

67 3137 162 3212 deinde
177 3148 278 3214 tendit
298 3149 339 3214 ad
354 3149 503 3232 Zatram3
522 3169 541 3214 a
560 3147 898 3234 supradictaecclesia
910 3145 1059 3212 Omnium
1072 3145 1170 3212 Sanc·

15 3251 19 3344 t
67 3257 153 3319 torum
170 3255 326 3324 dividitur
342 3265 429 3324 terra
446 3277 507 3324 ena
523 3277 620 3342 quam
639 3255 761 3338 absque
787 3253 1035 3340 consangnineis
1069 3256 1172 3341 possi·

70 3357 119 3428 det.
140 3363 183 3430 ibi
200 3365 298 3432 etiam
315 3365 414 3432 babet
431 3364 578 3450 predium
596 3385 654 3449 pro
670 3383 716 3450 se,
733 3365 788 3430 ubi
805 3369 855 3429 est
885 3362 1024 3430 eeclesia
1056 3363 1169 3430 Sancti

73 3465 194 3558 bertini,
210 3475 302 3540 cuius
318 3473 420 3559 predii
439 3481 524 3540 moto
540 3474 652 3560 incipit
669 3493 709 3538 cx
725 3493 790 3538 una
806 3479 900 3557 parte
916 3473 1016 3539 Zuwa
1026 3479 1058 3540 et
1068 3471 1171 3538 tendit

15 3581 17 3590 “
68 3580 203 3658 usquead
218 3581 370 3670 Grapinu,
387 3579 506 3648 deindo
524 3583 565 3648 ud
583 3580 714 3666 Gypka,
731 3582 808 3646 inde
833 3578 1039 3648 ascendendo
1066 3581 1168 3668 tendit

15 3592 26 3777 [
67 3700 148 3765 usque
163 3689 202 3754 ad
220 3689 372 3756 verticem
390 3690 517 3775 montis,
536 3691 591 3772 qui
608 3691 705 3770 volgo
723 3689 841 3755 dicitur
858 3688 1020 3755 Zelenren.
1060 3688 1168 3754 Prima

15 3779 19 3832 V
66 3797 244 3880 metapredri
274 3798 431 3864 Polouira
455 3799 594 3882 nomine,
628 3798 681 3862 ubi
715 3796 922 3881 supradictus
954 3791 1170 3882 V(ratizluus)

15 3833 41 3974 d
67 3897 159 3970 Comes
174 3905 334 3973 edificavit
350 3907 571 3972 Ecclesiam
551 3905 681 3972 nomine
698 3905 808 3971 Sancti
828 3905 1171 3988 Nicbolaiestscrsus

15 3979 21 4102 't
68 4007 240 4078 occidentem
257 4014 312 4078 nbi
330 4019 379 4078 ost
396 4033 480 4098 aqum
496 4013 627 4078 nomine
644 4012 797 4098 Orepina
814 4011 890 4078 indo
917 4011 1021 4078 tondit
1051 4011 1094 4076 ad
1126 4010 1168 4075 ri-

15 4109 18 4200 i
69 4131 126 4180 snm
142 4117 208 4184 Ded
224 4119 347 4204 potoka
364 4139 501 4202 nomme
521 4140 575 4202 qm
593 4119 760 4185 descendi
776 4119 815 4184 tle
832 4117 1168 4202 montotrs1‚nbiquc

15 4239 19 4324 i
66 4215 490 4294 dividituraterrauwauum
522 4248 661 4294 sirenum.
703 4229 800 4292 Pctus
834 4228 887 4310 quei
921 4227 1039 4294 dicitur
1070 4224 1171 4291 frater

15 4325 17 4402 i
67 4325 101 4396 V
91 4327 230 4422 retrudat)
249 4337 383 4403 Comitis
400 4338 458 4402 hat
454 4345 499 4404 ret
515 4336 663 4421 predium
682 4335 809 4400 nomine
827 4335 971 4402 Lubcnie
988 4334 1074 4401 infra
1106 4351 1168 4399 mo·

66 4440 105 4502 tas
121 4444 288 4528 supradicti
304 4443 415 4510 Sancti
433 4445 594 4514 Nicbclai.
635 4443 794 4510 Dobucha
810 4463 887 4509 voro
904 4448 935 4508 et
950 4441 1077 4508 Berizlo
1102 4437 1169 4507 fra-

65 4547 115 4610 tres
128 4548 306 4638 Vtrutizlai)
324 4551 458 4618 Comitis
476 4554 597 4619 babent
613 4549 761 4636 predium
777 4549 908 4616 nomine
924 4549 1044 4636 Biatia,
1075 4549 1167 4616 onius

67 4653 137 4720 nera
150 4656 260 4746 incipit
276 4659 367 4728 iuxta
384 4661 535 4750 Orapina,
553 4665 584 4727 et
601 4659 704 4727 tendit
721 4656 881 4743 usquead
897 4658 1001 4726 rivum
1035 4655 1168 4746 Jerana‚
