3116 5178
581 979 656 1048 264.

58 1183 89 1248 A
98 1171 293 1270 pomorada'
316 1181 450 1249 bosom
482 1181 557 1247 ellitt
587 1177 701 1243 Baton
727 1175 952 1263 mametsdpbiil
983 1174 1057 1241 calo
1095 1173 1184 1257 toas

62 1287 172 1356 tollor
187 1289 324 1376 lodoyci
337 1287 441 1356 Jonas
448 1285 617 1374 stildtdren
632 1285 702 1353 leod
716 1283 979 1354 hirtolcrtsattkdrr
995 1284 1182 1369 omposatoa·

526 1393 603 1460 aab.
618 1393 713 1460 1251.

6 1607 8 1632 ἓ
59 1590 93 1652 (Α
108 1592 171 1658 gros
186 1593 277 1658 zichy
295 1592 390 1645 osnltd
403 1590 598 1656 Okmdnyttrs
611 1589 634 1640 1.
647 1589 706 1642 hot.
721 1595 743 1640 7.
759 1589 776 1639 l.
797 1589 878 1655 Nagy
892 1589 966 1638 imre
977 1586 1180 1649 klizlemsnye.)

582 2414 658 2481 265.

6 2609 9 2658 ’-
66 2610 121 2678 IV.
143 2612 226 2680 Beda
259 2611 442 2698 kirdlymulc
472 2611 605 2698 Hidcsp
635 2613 785 2700 helysdpet
815 2615 971 2700 turpyozd
1000 2613 1184 2701 odomduya

281 2717 375 2786 Milo
390 2721 530 2807 aolyomr'
539 2718 682 2806 sdiepatrt
695 2725 856 2788 sedandae.
876 2719 970 2786 1252.

162 2913 242 2982 Bela
257 2915 322 2982 Dei
339 2915 453 2999 gracia
478 2913 656 3002 Hungarie,
681 2913 861 2998 Dalmacie,
894 2914 1038 2998 Croacie,
1070 2914 1184 2999 Rama,

8 3107 9 3116 ἵ
68 3015 188 3106 Sempe,
206 3019 360 3108 Gallicie,
377 3019 580 3106 Lodomerie,
595 3021 818 3106 Cumanieque
826 3023 897 3087 Rex
907 3018 1055 3087 omnibns
1065 3017 1185 3088 Christi

8 3151 9 3172 1
67 3123 205 3196 fidelihus
220 3133 394 3215 presentes
419 3127 549 3196 litteras
580 3129 776 3216 inspecturis
804 3127 945 3196 salutem
976 3129 1008 3194 in
1041 3128 1185 3195 omnium

8 3247 9 3260 *
68 3231 228 3302 saluatore.
253 3233 362 3317 Regia
377 3231 543 3304 celsitudo
569 3234 715 3322 requirit,
748 3241 780 3304 et
812 3234 1001 3302 sublimium
1033 3235 1186 3302 conuenit

9 3353 11 3426 r
68 3334 221 3429 dignitati,
238 3347 275 3410 vt
291 3359 422 3409 suorum
438 3343 604 3410 oculorum
620 3341 755 3410 intuitus
772 3347 864 3408 tanto
880 3339 1048 3409 iocundius
1064 3340 1099 3407 in
1110 3360 1187 3410 snos

9 3427 11 3516 ἶ
68 3442 170 3515 fideles
185 3448 315 3538 iniciat,
330 3453 452 3533 quanto
469 3448 545 3536 ipsa
560 3447 703 3518 fidelitas
720 3447 837 3518 ceteris
852 3449 1027 3516 virtutibus
1043 3456 1094 3516 est
1114 3467 1186 3534 pre·

9 3545 11 3628 ῗ
68 3547 193 3621 iorcndn
207 3563 241 3623 et
257 3555 472 3641 amplioribus
489 3557 623 3643 premiJs
640 3554 830 3624 attollenda.
868 3555 951 3624 Hinc
967 3563 1028 3640 est,
1042 3551 1130 3640 quod
1145 3554 1188 3622 ad

10 3689 11 3702 κ
69 3659 282 3731 uniuersorum
297 3670 365 3730 tam
381 3665 587 3749 presenciam
604 3683 702 3748 quam
719 3669 921 3750 posterorum
936 3662 1089 3732 noticiam
1100 3662 1186 3732 volu·

70 3783 132 3832 mus
145 3770 327 3853 peruenire,
345 3767 431 3854 qnod
448 3790 520 3838 cnm
537 3769 643 3839 fidelis
660 3774 769 3837 noster
784 3769 885 3858 Mylro
896 3770 1010 3838 Oomes
1021 3769 1186 3838 deZolum

10 3885 11 3896 ¹
71 3871 169 3940 maltis
185 3873 352 3944 fidelitatis
368 3877 537 3962 obsequijs
551 3875 777 3945 indesinenter
793 3882 825 3943 et
843 3874 1006 3944 indefesse
1030 3876 1122 3944 nohis
1156 3886 1190 3944 ct

72 3973 186 4047 Corone
201 3984 305 4068 Regis
322 3981 477 4052 exhibitis
493 4003 602 4052 coram
617 3983 736 4052 Nostro
752 3983 934 4051 Maiestatis
949 3983 1053 4050 ocnlis
1079 3983 1189 4050 lauda·

11 4123 12 4136 κ
74 4086 171 4155 biliter
187 4089 368 4174 eiulsisset3
392 4092 540 4159 volentes
556 4090 730 4177 probitatis
746 4089 850 4176 ipsius
865 4089 989 4157 meritis
1004 4109 1189 4158 remunera-

73 4192 154 4264 cione
169 4195 335 4280 condigna
350 4196 559 4284 respondere,
576 4205 696 4265 terram
712 4196 863 4285 Hydvreg
879 4216 951 4264 cum
970 4198 1067 4265 terris
1083 4198 1191 4265 arabi-

12 4315 13 4320 *
73 4299 159 4388 libus,
174 4303 302 4390 lenuis,
319 4311 351 4370 et
367 4305 472 4392 siluis,
489 4323 528 4372 ao
544 4305 695 4372 omnibns
711 4304 907 4372 utilitatibus
923 4309 954 4371 et
980 4303 1191 4371 circumstan-

72 4405 126 4492 ciJs
141 4407 182 4476 ad
196 4409 303 4496 ipsam
329 4418 450 4480 terram
480 4413 729 4499 pertinentibus,
761 4411 825 4479 sibi
851 4411 986 4497 suisque
1017 4411 1192 4480 heredibus

75 4510 277 4603 heredumque
308 4519 552 4589 successoribus
584 4520 683 4606 pleno
715 4519 785 4586 lure
808 4519 1011 4606 contulimus,
1042 4516 1191 4587 dedimus

76 4627 164 4706 auus
178 4625 370 4696 tradidimus
402 4629 437 4697 in
468 4635 659 4720 perpetuum
693 4626 938 4714 possidendam.
978 4625 1075 4698 Orias
1108 4636 1193 4698 terre
