3206 5184
801 245 962 344 jup-

315 443 385 512 stb.
401 439 495 510 Vnde
510 439 588 525 quia
602 439 668 526 ipsi
684 438 802 506 comiti
818 437 986 526 Stephano
1001 436 1126 524 Bubek,
1143 439 1325 507 Beronibus
1341 445 1374 506 et
1388 439 1453 507 Be-

317 551 375 638 gni
390 543 563 617 Nobilibus
579 565 652 616 oum
665 543 778 614 eodem
793 545 827 612 iu
843 545 970 614 Judioio
987 544 1176 614 sedentibus
1193 547 1354 631 premissa
1373 565 1454 631 pos·

320 658 422 727 sessio
431 657 643 723 Kwnuocata
652 652 744 722 iuxta
755 651 1068 721 demonstraoionem
1078 661 1288 739 utrarumque
1298 653 1452 739 parcium

318 761 513 832 reambulari
529 762 646 830 debere
661 760 766 829 risum
783 759 897 828 fuisset
924 761 987 828 stb.
1021 759 1069 848 (uj
1102 761 1300 847 hatarjardsi
1331 761 1450 830 rende·

316 873 361 938 let
377 893 398 940 a
413 873 507 940 udoni
524 866 760 957 kaptalanhou)
784 868 818 933 in
850 871 974 936 octauis
1005 867 1081 936 festi
1112 869 1339 936 Penthecostes
1364 877 1449 937 tnnc

315 979 441 1048 uenturi
457 976 519 1044 stb.
536 983 558 1045 t
574 977 596 1044 i.
613 976 716 1062 primo
726 976 833 1061 ipsam
843 974 1094 1062 (possessionem
1103 973 1203 1064 Kwn)
1221 978 1315 1045 iuxta
1329 992 1447 1046 cursus
1580 965 1590 973 ’

316 1095 475 1155 metmum
506 1085 542 1150 in
572 1083 659 1151 dioto
689 1081 859 1170 priuilegio
876 1081 999 1151 domini
1025 1083 1102 1151 Bele
1116 1083 1228 1169 Regis,
1245 1104 1303 1170 per
1319 1083 1446 1152 dictum

315 1193 496 1263 ‚Iohannem
531 1192 738 1276 Litteratnm,
767 1192 821 1258 vel
852 1211 945 1259 suum
976 1190 1157 1275 legitimum
1196 1199 1445 1277 procuratorem

318 1295 398 1370 inibi
427 1302 460 1368 in
476 1301 586 1387 specie
617 1299 800 1368 exhibendo
817 1305 1041 1368 contentarum
1055 1301 1125 1380 stb;
1150 1299 1178 1366 si
1195 1305 1303 1366 autem
1325 1297 1443 1366 eedcm

313 1415 423 1496 partes
447 1410 482 1475 in
513 1408 623 1492 aliqua
653 1408 813 1493 particula
844 1415 929 1474 terre
961 1405 1197 1492 discordarent,
1230 1414 1261 1474 et
1293 1409 1328 1474 in
1359 1408 1438 1492 ipsa

314 1515 571 1602 possessionaria
609 1515 869 1583 reambulacione
910 1521 943 1582 et
967 1522 1125 1584 metarum
1157 1515 1442 1583 demonstracione

312 1623 376 1692 sibi
407 1623 547 1690 inuicem
580 1621 851 1708 contradicerent,
887 1626 964 1688 tunc
994 1623 1101 1708 ipsam
1133 1621 1321 1708 particulam
1351 1630 1439 1690 terre
1537 1630 1541 1636 “

314 1729 418 1816 signis
449 1748 506 1814 pro
539 1729 633 1798 metis
663 1729 788 1815 positis,
820 1730 892 1797 visa
908 1730 958 1796 sui
984 1729 1152 1816 qualitate,
1169 1728 1392 1798 fructuositate
1408 1737 1442 1798 et

316 1838 435 1920 valore,
451 1841 522 1906 Deo
539 1857 597 1924 pre
631 1837 733 1904 oculis
764 1836 887 1922 habito,
920 1856 1031 1905 amoro
1062 1844 1094 1907 et
1124 1838 1238 1906 timore
1268 1838 1443 1906 cuiuslibet

318 1948 421 2032 partis
450 1944 562 2031 procul
594 1945 701 2030 motis,
731 1964 884 2012 unacum
917 1944 993 2031 alijs
1024 1947 1137 2031 probis
1154 1945 1232 2012 viris
1249 1945 1442 2013 estimarent

316 2052 421 2138 Regni
452 2051 684 2121 consuetudine
714 2051 908 2136 requirente,
939 2051 1123 2136 ibidemque
1155 2053 1254 2137 ijdem
1286 2054 1378 2137 Regij
1409 2060 1443 2119 et

315 2161 392 2230 dicti
432 2161 576 2248 Capituli
616 2159 818 2227 Waohiensis
859 2160 1005 2228 homines
1036 2159 1192 2247 viderent,
1217 2168 1249 2229 et
1263 2159 1437 2245 diligenter

313 2268 528 2354 intuerentur,
558 2288 596 2335 ac
628 2269 671 2335 ab
695 2268 815 2334 eisdem
846 2267 959 2335 ricinis
992 2273 1024 2334 et
1055 2269 1294 2355 commetaneis,
1327 2269 1441 2336 nobili-

315 2376 440 2458 busque
456 2374 786 2457 comprouinoialibns
800 2374 922 2441 scirent
937 2381 969 2439 et
986 2373 1185 2455 inquirerent
1202 2372 1242 2440 de
1267 2395 1317 2461 eo,
1350 2377 1440 2444 cuius

313 2482 416 2568 partis
447 2488 575 2548 ostense
605 2487 689 2546 mete
719 2481 863 2547 veriores
894 2487 926 2546 et
958 2482 1208 2566 apparenciores
1253 2483 1441 2569 existerent,

314 2586 532 2658 omnimodam
565 2589 733 2656 veritatem
764 2587 826 2654 stb.
859 2586 952 2674 (Erre
984 2609 1005 2655 a
1036 2590 1127 2655 vacui
1159 2589 1317 2674 kaptalan
1328 2589 1436 2674 jelen·

314 2701 394 2784 teas,
425 2697 514 2782 hogy
530 2717 550 2761 a
565 2694 753 2780 haterjaras
779 2693 995 2782 alkalmtral)
1023 2695 1127 2782 primo
1151 2704 1184 2762 et
1210 2696 1438 2781 principaliter

315 2803 428 2892 (mete)
461 2821 518 2887 per
548 2804 762 2870 ostensionem
794 2801 872 2868 dicti
899 2801 1034 2869 dohanis
1067 2803 1215 2870 litterati
1244 2801 1284 2870 de
1316 2805 1438 2872 Torna-

316 2913 373 3001 lya
386 2913 446 2979 stb.
461 2911 553 2976 iuxta
570 2917 712 2976 tenorem
728 2909 897 2995 priuilegij
917 2908 1038 2976 domini
1054 2909 1131 2978 Bele
1149 2911 1247 2996 Regis
1279 2913 1342 2983 stb.
1374 2911 1436 2980 boe

315 3021 429 3088 ordine
459 3017 692 3084 dinoscantur:
724 3018 833 3084 Prima
867 3023 953 3082 meta
997 3023 1083 3084 esset
1120 3016 1242 3085 fluuius
1273 3019 1343 3106 Sar,
1376 3019 1432 3103 qni

314 3129 451 3196 oriretur
466 3124 505 3191 de
516 3125 613 3211 Saye,
624 3132 656 3190 et
666 3126 725 3191 iret
740 3124 785 3190 ad
801 3125 967 3206 quandam
984 3133 1104 3192 terram
1120 3127 1250 3194 nomine
1267 3126 1430 3212 Scryche;

314 3233 390 3301 inde
399 3235 461 3299 iret
470 3231 513 3298 ad
523 3230 715 3316 particulam
726 3228 894 3299 cuiusdam
913 3233 1007 3318 silue,
1025 3252 1088 3315 que
1103 3233 1191 3315 wigo
1208 3232 1436 3301 veresharazth

313 3341 484 3427 diceretur,
516 3346 548 3405 et
586 3341 771 3425 perueniret
809 3338 852 3405 ad
894 3340 976 3407 duas
1018 3347 1123 3406 metas
1164 3345 1306 3423 terreas;
1363 3342 1440 3407 inde

316 3450 436 3534 giraret
450 3447 484 3512 in
501 3445 610 3513 media
643 3455 735 3534 parte
766 3467 878 3514 nemus
911 3445 1084 3532 quoddam,
1118 3452 1151 3512 et
1180 3448 1366 3532 perueniret
1396 3448 1440 3515 ad

312 3557 394 3624 duas
411 3558 482 3620 vias
499 3573 635 3636 magnas
652 3554 695 3620 ad
705 3574 856 3638 magnum
871 3552 1015 3637 lapidem
1029 3553 1179 3639 planum;
1197 3553 1363 3622 indecere
1378 3574 1437 3639 per

312 3661 432 3728 vallem
448 3660 563 3742 Kame,
582 3667 614 3727 et
630 3658 774 3727 tenderet
789 3661 824 3726 in
854 3659 910 3726 via
939 3680 1005 3727 non
1035 3659 1182 3744 modica;
1211 3667 1242 3727 et
1273 3658 1349 3727 inde
1381 3681 1440 3745 per

314 3768 433 3835 dictam
464 3767 583 3845 vallem
616 3769 738 3850 giraret
769 3767 926 3835 adunam
961 3769 1121 3854 semitam,
1139 3775 1172 3835 et
1186 3766 1378 3837 ascenderet
1394 3764 1441 3834 ad

312 3881 452 3942 montem
469 3875 523 3957 qui
539 3873 637 3940 berch
653 3875 890 3960 appellaretur,
915 3873 991 3944 inde
1009 3877 1189 3961 procedens
1214 3876 1360 3943 tenderet
1390 3875 1438 3944 ad

312 3982 503 4068 particulam
535 3980 703 4050 cuiusdam
735 3987 828 4068 terre,
852 3983 941 4050 ouius
957 4004 1034 4069 pars
1052 3985 1182 4052 sinistra
1198 3983 1377 4068 pertineret
1391 3986 1438 4052 ad

312 4089 517 4176 Zagrabium,
535 4109 612 4174 pars
628 4109 705 4157 vero
720 4091 836 4158 dextra
851 4087 893 4157 ad
908 4090 1038 4176 Bolugh
1069 4111 1126 4177 per
1157 4092 1254 4174 Regis
1285 4091 1439 4160 donacio·

314 4215 398 4281 nem,
429 4216 492 4280 que
523 4204 610 4266 esset
633 4204 720 4264 terra
735 4196 890 4285 litigiosa,
907 4205 938 4264 et
954 4205 1066 4283 partes
1082 4199 1118 4264 in
1133 4198 1319 4266 ostensione
1336 4206 1439 4269 mete·

314 4322 383 4370 rum
398 4324 500 4389 usque
515 4306 560 4372 ibi
591 4305 766 4374 concordes
796 4307 1001 4392 extitissent;
1027 4304 1146 4374 abhinc
1176 4306 1374 4375 transeundo
1393 4306 1440 4374 ad

310 4429 412 4477 snum
450 4421 591 4482 montem
630 4434 745 4482 versus
785 4413 1013 4498 occidentem,
1062 4415 1117 4500 qui
1148 4412 1234 4498 wigo
1276 4413 1441 4482 diceretur

309 4514 516 4605 Augalyche,
532 4523 589 4590 vbi
605 4529 715 4593 essent
730 4523 795 4592 due
810 4526 894 4592 mete
911 4531 1026 4613 terres,
1042 4524 1099 4593 vbi
1131 4520 1239 4592 dictus
1270 4522 1441 4591 lohannes
