3206 5184
819 293 977 394 Q—

330 491 391 558 cha
407 499 439 557 et
456 491 632 574 Stopnieha
648 490 890 574 existententes,
932 511 1003 556 curn
1021 489 1170 556 omnibus
1203 489 1398 556 utilitatibus
1428 497 1458 554 et

332 599 539 683 pertinenciis
557 598 634 685 sois,
667 597 972 665 nulloiurssibiin
1005 597 1128 662 eisdem
1160 605 1339 680 reseruata,
1372 597 1453 663 dicto

328 707 477 773 Rolando
494 707 584 772 Bono
602 714 635 772 et
661 707 728 772 suis
760 706 935 772 heredibus
970 705 1187 788 heredumque
1218 704 1456 772 suecessoribus

328 814 488 880 dederunt
504 819 535 880 et
551 815 804 896 assignauerunt
820 833 929 882 eoram
945 814 1039 880 uobis
1064 816 1097 878 in
1129 821 1321 897 perpetuum
1353 813 1453 896 possi·

328 920 481 1006 dendum,
498 922 558 988 sub
575 921 701 988 eisdem
719 923 814 988 metis
831 929 864 986 et
880 920 1037 1006 terminis,
1057 919 1172 1002 quibus
1188 921 1290 1004 ijdem
1315 918 1456 984 Comites

328 1030 501 1096 Farcasius
518 1036 551 1095 et
567 1030 745 1112 Gregorius
763 1033 853 1114 ipsas
870 1029 1043 1114 porciones
1060 1028 1293 1111 dignoscuntur
1303 1027 1455 1093 tenuisse.

327 1137 368 1201 Et
384 1136 461 1219 quia
477 1141 646 1222 porciones
662 1137 879 1221 predictorum
898 1135 1044 1221 Furcasij
1072 1135 1208 1202 Comitis
1239 1143 1271 1202 et
1304 1135 1451 1220 Gregorij

328 1243 458 1310 maioris
474 1243 626 1310 vtilitatis
639 1265 696 1310 seu
715 1245 837 1310 caloris
865 1243 1002 1330 fuerant,
1035 1263 1131 1326 quam
1163 1251 1249 1308 terra
1280 1242 1404 1308 eisdem
1436 1265 1456 1308 a

325 1353 473 1420 Rolando
489 1353 580 1420 Bane
598 1353 679 1418 data
695 1355 728 1418 in
755 1353 997 1436 concambium
1023 1350 1108 1416 idem
1140 1348 1308 1417 Rolandus
1341 1351 1449 1416 Bonus

325 1460 487 1526 iamdictis
504 1462 658 1528 Farcasio
675 1459 792 1528 Comiti
808 1467 840 1526 et
857 1461 1014 1545 Gregorio
1032 1457 1258 1545 superaddidit
1291 1465 1324 1524 et
1356 1458 1452 1524 soluit

324 1566 482 1634 ducentas
500 1569 626 1650 triginta
644 1587 782 1654 marcas,
809 1567 988 1650 quamlibet
1004 1568 1143 1651 quinque
1159 1585 1280 1650 pensa-s
1298 1565 1447 1631 denario·

323 1696 394 1741 rom
411 1676 679 1759 Zagrabiensium
697 1676 923 1761 persoluenda
964 1676 1006 1740 Vt
1023 1671 1120 1757 igitur
1135 1673 1274 1758 predicti
1302 1693 1448 1738 concam·

326 1783 381 1870 bij,
414 1785 677 1850 commutacionis
695 1804 753 1851 seu
771 1790 954 1850 contractus
971 1783 1070 1848 series
1088 1782 1172 1848 inter
1190 1781 1323 1848 eosdem
1340 1779 1451 1847 fideles

323 1898 447 1957 nostros
464 1891 577 1957 habita
595 1894 690 1958 robur
706 1891 852 1959 obtineat
870 1897 1025 1976 perpetue
1041 1890 1216 1973 firmitatis,
1250 1888 1294 1952 ad
1326 1889 1448 1954 instan-

323 2001 409 2064 ciam
427 2007 458 2065 et
474 1999 727 2084 suplieaoionem
743 2000 889 2085 parcium
907 2006 1075 2084 presentes
1090 1997 1310 2064 concessimus
1324 1998 1448 2062 litteras

323 2107 485 2192 dupplicis
502 2107 602 2191 sigilli
620 2110 719 2174 nostri
738 2107 912 2172 monimine
929 2109 1108 2173 roboratas.
1125 2106 1244 2170 Datum
1261 2124 1319 2189 per
1335 2125 1450 2170 manus

322 2215 468 2297 Magistri
487 2216 630 2300 Fareasij
647 2215 801 2283 Albensis
818 2214 965 2282 Ecclesie
981 2214 1086 2280 Eleeti
1103 2215 1179 2278 aule
1212 2219 1324 2279 nostre
1354 2212 1450 2279 Vice-

320 2321 516 2409 Oancsllarij
535 2324 646 2390 dilecti
664 2332 695 2392 et
720 2324 827 2392 fidelis
859 2325 961 2390 nostri
992 2344 1077 2389 anno
1112 2321 1241 2388 Domini
1273 2320 1447 2386 millesimo

319 2431 539 2498 ducentesimo
556 2432 759 2514 sexagesimo
775 2431 896 2516 quinto,
913 2429 1018 2512 Regni
1034 2438 1143 2496 autem
1161 2429 1261 2494 nostri
1272 2427 1449 2495 tricesimu.

320 2628 458 2686 (Eredetie
471 2627 655 2694 bdrhdrtysm
669 2645 686 2679 a
698 2629 879 2695 stiriis-sergo
892 2627 1129 2692 selyemzsindron
1142 2626 1257 2692 siiggtitt
1268 2626 1363 2688 penset
1373 2628 1448 2676 elve-

319 2724 408 2785 szett3
427 2737 444 2770 a
462 2721 545 2771 budai
565 2721 668 2784 hiratlyi
688 2721 815 2770 kamerai
839 2719 1016 2770 revertemak
1028 2719 1196 2783 Zaigrdbban
1210 2719 1272 2768 levo
1291 2717 1448 2780 reszsben.)

839 3541 915 3610 388.

310 3744 419 3807 Istodn
434 3743 538 3828 ifjobd
555 3743 731 3827 hircinnaie
747 3717 839 3828 ligas
856 3745 949 3806 vdrcit
965 3744 996 3806 c‘s
1012 3764 1034 3806 a
1050 3741 1166 3806 sztda'
1181 3749 1339 3806 arronoetor
1349 3738 1438 3824 kapp·

307 3853 467 3936 urijopdt
484 3855 642 3938 tdrypczd
657 3853 839 3934 odonmopa
864 3851 987 3931 latoria,
1020 3849 1179 3914 Domokos
1195 3849 1248 3930 fia
1273 3850 1435 3911 sedandi-a.

824 3957 919 4020 1265.

413 4152 600 4238 Stephanus
615 4152 674 4218 Dei
692 4150 805 4235 gracia
821 4150 926 4218 iunior
941 4151 1011 4218 Rex
1038 4151 1191 4237 Vngarie,
1222 4152 1303 4217 Dux
1334 4147 1436 4213 (than—

304 4260 451 4325 silnanus
469 4267 500 4324 et
516 4261 675 4325 Dominus
701 4261 915 4326 Cumanorum
949 4259 1098 4326 omnibus
1131 4259 1251 4325 Christi
1283 4255 1436 4323 fidelibus

303 4389 437 4452 presens
455 4366 611 4453 scriptum
628 4368 823 4453 inspecturis
849 4368 986 4434 salutem
1018 4367 1052 4432 in
1084 4366 1224 4432 omnium
1259 4366 1437 4432 saluatore.

302 4477 404 4560 Regis
420 4475 580 4542 libertatis
597 4477 788 4542 inmensitas
817 4484 905 4541 recto
938 4495 1080 4561 pensans
1111 4474 1286 4542 libramine
1318 4471 1436 4538 merita

303 4585 513 4676 subditorum,
531 4587 605 4652 dum
622 4587 705 4650 irene
722 4585 854 4652 meritos
870 4585 983 4652 dextre
1000 4606 1057 4652 sue
1076 4585 1225 4651 munifice
1250 4583 1436 4650 consolato-
