3206 5184
575 319 578 326 ’
699 353 764 430 set

649 445 809 462 m

165 551 298 626 biensea
313 551 406 624 nobis
421 551 647 625 acclamarunt
664 578 672 621 ε
691 556 778 643 quod
797 555 901 648 ipsos,
916 574 989 625 cum
1004 551 1144 623 luissent
1167 543 1292 638 iobagi·
1357 537 1362 546 ’
1495 609 1497 614 t

163 686 243 734 ones
276 663 382 733 (lustri
412 663 655 754 Zagrabiensis,
698 665 818 734 dictum
849 663 1035 754 Capitulum
1067 670 1100 732 et
1130 661 1289 731 canonici
1481 647 1490 660 ⁴
1520 681 1538 754 J

162 772 205 840 de
220 793 304 842 novo
320 770 477 841 dolenter
493 780 667 859 occupatos
698 773 888 843 detinerent.
922 773 1065 853 Quorum
1096 769 1288 840 assercioni·
1509 815 1513 828 x,
1534 771 1580 856 ἵ),

161 882 224 950 bus
255 879 387 968 auditis,
426 878 548 948 dictum
579 879 762 967 Capitulum
794 888 826 948 et
856 880 1036 950 Canonieos
1066 877 1110 946 ad
1142 883 1287 946 nostram
1557 877 1573 902 ”’

161 988 365 1077 presenciam
382 987 517 1056 lecimus
533 990 674 1074 evocari,
692 997 725 1058 et
740 989 885 1058 terminis
913 987 1106 1074 quibusdam
1133 987 1287 1071 interlap·
1415 973 1420 998 ¹

161 1099 217 1184 sis,
251 1097 287 1165 in
319 1097 458 1167 termino
483 1099 615 1166 tandem
631 1099 871 1187 perhemptorio
886 1096 1082 1187 supradictis
1098 1095 1285 1166 hominibus
1388 1181 1392 1188 .

165 1205 282 1273 eadem
299 1205 534 1294 allegantibus,
551 1206 630 1274 dicti
647 1205 803 1275 canonici
826 1213 1074 1296 proposuerunt,
1099 1202 1289 1298 prescripci-

161 1333 256 1382 onem
287 1311 469 1400 legitimam
500 1313 693 1403 allegantes,
724 1315 810 1401 quod
852 1322 969 1382 terram
1001 1314 1100 1381 trium
1129 1311 1286 1381 villarum

161 1421 425 1510 supradictarum
443 1428 474 1489 et
489 1421 578 1510 ipsos
595 1444 615 1491 a
632 1423 868 1510 quinquaginta
885 1422 979 1490 annis
995 1421 1102 1489 minus
1118 1440 1192 1504 uno,
1223 1417 1288 1505 ipsi

160 1535 193 1598 et
215 1529 363 1598 Ecclesia
391 1529 620 1614 Zograbiensis
650 1530 785 1618 pacifice
815 1531 1033 1616 possedisset;
1067 1533 1100 1596 et
1130 1528 1192 1596 hoc
1224 1545 1284 1612 per
1319 1593 1321 1598 ,
1396 1599 1397 1602 ,

159 1638 286 1706 litteras
301 1641 404 1726 patris
420 1640 534 1725 nostri,
551 1645 583 1706 et
598 1657 657 1725 per
672 1639 798 1706 litteras
819 1637 1034 1707 Serenissime
1066 1638 1180 1705 matris
1210 1654 1284 1704 uos-

158 1751 207 1814 tre
221 1745 345 1836 Regine
360 1747 505 1832 Vngarie
520 1747 600 1835 ipsis
616 1747 821 1835 presentibus
837 1748 1067 1835 probaverunt.
1084 1747 1152 1814 Nos
1170 1752 1281 1814 autem

159 1855 271 1923 habito
286 1855 421 1923 consilio
438 1876 510 1923 cum
527 1855 707 1924 Batonibus
724 1856 852 1937 nostris,
884 1855 978 1924 nobis
1008 1863 1086 1923 tunc
1117 1853 1285 1923 considen·
1342 1921 1344 1926 ,

158 1961 255 2042 tibus,
281 1962 360 2046 quia
376 1963 454 2030 dieti
468 1963 529 2030 tilii
543 1965 685 2032 Bratoua
702 1963 808 2032 etalii
823 1985 864 2032 ex
879 1969 972 2052 parte
989 1983 1097 2031 eorum
1119 1961 1283 2048 prenotati

163 2090 225 2139 neo
239 2067 518 2158 inter(r)npcionis
541 2071 669 2141 litteras
684 2077 873 2159 presentare
888 2079 1050 2160 poterant,
1080 2090 1142 2138 uec
1156 2069 1286 2154 aliquas

161 2175 320 2266 raciones,
352 2198 415 2263 que
444 2198 503 2266 pro
533 2179 615 2266 ipsis
646 2179 792 2248 facerent
817 2178 970 2266 allegare,
983 2179 1043 2248 sed
1058 2177 1282 2246 tantummodo

158 2286 260 2352 verba
290 2285 510 2374 proferebant,
541 2287 621 2356 licet
652 2295 783 2374 propter
823 2289 948 2355 litteras
981 2287 1104 2355 domini
1134 2285 1234 2371 Regis
1250 2290 1282 2351 et

156 2393 282 2479 Regino
312 2394 416 2461 dictos
446 2393 595 2462 homines
627 2401 659 2461 et
689 2401 810 2463 terram
827 2395 913 2464 dicto
931 2393 1083 2482 capitulo
1099 2393 1281 2478 relinquere

158 2499 384 2570 debuissemus
400 2502 626 2589 possidendos,
653 2504 739 2572 sieut
769 2510 802 2570 et
833 2503 868 2571 in
897 2503 1103 2591 possessione
1133 2499 1281 2582 fueraut;

149 2600 267 2676 vtanuen
297 2615 333 2676 ut
363 2608 558 2680 clamoribus
590 2631 699 2680 eorum
721 2609 871 2700 satisfiat,
886 2611 930 2678 ad
946 2612 1101 2679 maiorem
1117 2608 1279 2677 cautelam

2 2703 3 2762 3
128 2763 130 2768 ·
156 2724 190 2786 et
201 2716 247 2785 rei
263 2715 464 2786 evidenciam
480 2736 539 2787 sex
555 2718 703 2788 homines
719 2719 859 2787 maiores
876 2719 916 2786 dc
927 2717 1090 2807 Oapitulo,
1107 2739 1147 2787 ex
1164 2717 1281 2803 quibus

155 2833 223 2893 tres
254 2824 434 2912 supradicti
466 2825 613 2896 homines
644 2829 813 2915 eligerent,
836 2829 943 2896 etalii
976 2837 1041 2898 tres
1058 2847 1098 2896 ex
1129 2825 1279 2914 capitulo

154 2932 326 3018 assignati,
358 2941 542 3018 prestarent
583 2946 822 3009 sacramentum
862 2959 959 3029 super
990 2961 1038 3028 eo,
1070 2936 1158 3025 quod
1189 2933 1276 3002 dicta

153 3039 303 3109 Ecclesia
317 3046 421 3112 terras
438 3043 598 3112 dictarum
614 3047 710 3115 trium
727 3049 880 3118 villarum
895 3051 1165 3137 aquisquaginta
1181 3045 1275 3113 annis

153 3150 260 3218 minus
277 3171 340 3217 uno
356 3151 494 3237 pacifice
510 3155 719 3241 possedisset.
737 3157 778 3225 Et
793 3161 826 3226 in
842 3159 914 3228 loeo
939 3161 1134 3228 sacramenti
1159 3157 1278 3241 Magis·
1315 3231 1316 3234 ,

152 3264 202 3326 ter
232 3256 349 3327 Petrus
380 3259 625 3352 Zagrabiensis,
657 3264 814 3351 Magister
843 3267 1039 3336 Nicodemus
1056 3267 1098 3335 de
1121 3265 1273 3334 Kemnuk

150 3363 389 3452 archidiaconi,
405 3373 437 3434 et
452 3367 608 3452 Magister
622 3371 720 3442 Drisa
735 3373 854 3443 Lector
873 3376 1019 3444 Ecclesie
1035 3374 1276 3462 Zagrabiensis,

151 3493 209 3556 per
239 3471 344 3540 dictos
373 3473 521 3543 homines
551 3478 708 3546 nominati
740 3486 775 3548 et
804 3483 983 3569 assumpti3
1003 3482 1160 3568 Magister
1186 3485 1277 3552 ana

150 3581 281 3667 Cantor,
296 3579 453 3664 Magister
467 3583 628 3672 Mychael,
659 3585 776 3656 (iustos
806 3590 954 3659 Ecclesia
985 3591 1225 3679 Zagrabiensis,
1245 3599 1277 3660 et

149 3688 305 3774 Magister
320 3688 516 3757 Benedictus
532 3692 790 3781 Archidiaconus
807 3697 848 3764 de
864 3695 1023 3786 (instabe,
1049 3699 1126 3766 licet
1156 3700 1277 3787 prefati

149 3795 298 3864 homines
312 3816 349 3864 se
365 3797 546 3885 culpabiles
562 3802 832 3892 proclamassent,
858 3826 967 3874 coram
994 3807 1175 3895 Capellano
1201 3830 1275 3878 nos-

149 3910 198 3972 tro
227 3903 324 3972 Saule
355 3904 525 3974 sacerdote
550 3907 670 3978 adhoc
687 3908 843 3998 deputato
859 3920 890 3981 et
904 3921 1141 3985 sacramentum
1158 3915 1208 3985 eis
1226 3937 1276 3985 re·

148 4012 277 4079 mittere
292 4010 481 4104 voluissent,
497 4015 725 4087 nichilominus
742 4019 822 4090 dicti
838 4023 993 4108 Magister
1018 4025 1134 4093 Petrus
1168 4033 1200 4094 et
1217 4025 1275 4093 alii

148 4123 403 4207 supranominati
419 4122 460 4193 de
476 4124 556 4193 iuris
572 4127 621 4194 sui
638 4129 793 4197 beneficio
825 4131 1036 4220 confidentes,
1058 4153 1169 4201 coram
1184 4133 1272 4203 dicto

148 4227 325 4316 capellano
340 4237 450 4301 nostro
466 4233 566 4302 Saule
581 4235 747 4305 sacerdote
763 4239 952 4307 iuraverunt
968 4241 1001 4307 in
1020 4239 1134 4309 maiori
1159 4241 1271 4310 Eccle-

70 4418 75 4426 Ι
147 4335 197 4405 sia
226 4337 261 4405 in
291 4339 389 4407 altari
421 4341 532 4409 Sancti
563 4344 663 4430 Regis
692 4365 856 4433 supereo,
874 4347 1273 4435 quodterramdictarum

145 4443 241 4512 trium
273 4444 426 4515 villarum
456 4449 607 4519 Ecclesia
637 4455 826 4540 supradicta
850 4477 872 4523 a
904 4457 1144 4544 quinquaginta
1175 4435 1287 4528 aunis

145 4553 252 4620 minus
284 4573 348 4622 uuo
379 4556 488 4642 quiete
505 4565 538 4625 et
553 4559 689 4647 pacifice
709 4562 919 4652 possedisset.
937 4565 1004 4637 Moe
1020 4574 1129 4635 autem
1145 4565 1266 4635 meritis

145 4675 243 4727 cause
259 4666 293 4730 ot
307 4661 564 4751 allegationibus
595 4671 742 4756 parcium
775 4672 904 4762 plenius
935 4674 1124 4766 intellectis,
1155 4676 1266 4750 habito
