3160 5208
886 955 975 1081 '1205

304 1135 307 1140 Ι
364 1161 449 1232 Belo
464 1161 568 1252 r‘fjobb
583 1163 692 1252 lively
709 1170 885 1254 superbuiti
909 1167 1067 1234 Motbruer
1091 1194 1187 1236 comes
1212 1175 1384 1260 unyjduak
1410 1199 1495 1242 ozon

365 1273 586 1354 interlabente,
603 1273 747 1360 melylyel
762 1273 973 1362 Topostelan
983 1278 1052 1344 teet
1061 1279 1110 1343 ke
1120 1278 1322 1346 birtobresaet
1333 1307 1374 1348 aa
1386 1289 1495 1352 ostani

632 1385 837 1472 opdtudpuulr
852 1386 1098 1471 adomdnyozta.
1117 1388 1214 1454 1225.

470 1581 508 1648 Iu
540 1581 668 1650 nomine
698 1581 817 1650 Sanete
847 1582 1029 1652 Trinitatis.
1054 1583 1136 1651 Bela
1167 1587 1230 1653 Dei
1259 1588 1375 1674 gracia
1406 1590 1492 1676 Rex,

366 1689 603 1774 primogenitus
633 1689 732 1774 Regis
771 1689 948 1777 Hungarie‚
992 1691 1140 1792 omnibus
1181 1693 1223 1760 ad
1264 1716 1344 1780 quos
1379 1696 1493 1765 littere

364 1803 532 1881 presentes
550 1800 756 1885 pervenerint
774 1798 913 1866 salutem
929 1801 962 1867 in
980 1799 1130 1868 Domino.
1149 1799 1227 1868 (lum
1247 1803 1407 1886 lloelesia‚
1423 1825 1490 1888 que

230 1951 232 1956 -
326 1991 330 2002 Ι
364 1913 467 1971 mater
499 1911 549 1973 est
566 1908 719 1994 omnium,
751 1926 809 1993 per
824 1909 948 1992 Regum
965 1929 1004 1975 ao
1022 1909 1177 1978 nobilium
1204 1911 1356 1977 dotalicia
1384 1913 1491 1980 soleat

305 2050 308 2056 ·
363 2011 542 2098 sublimari,
574 2013 708 2101 dignum
741 2023 790 2084 est
821 2023 856 2082 ut
886 2039 943 2085 nos
976 2025 1042 2086 tam
1068 2019 1198 2106 nostris,
1231 2039 1328 2103 quam
1350 2020 1492 2089 aliorum

362 2122 456 2190 iustis
481 2123 714 2192 donationibus
740 2123 830 2212 pium
855 2127 1050 2211 prebeamus
1079 2127 1232 2196 favorem.
1263 2129 1314 2195 Ad
1332 2130 1489 2197 noticiam

363 2229 462 2314 igitur
485 2233 709 2301 uniuersorum
725 2235 873 2301 volumus
904 2237 1092 2320 pervenire:
1118 2237 1205 2321 quod
1221 2257 1294 2304 oum
1311 2237 1490 2306 Motmerns

364 2359 423 2425 per
441 2359 575 2409 examen
587 2340 700 2407 iudieii
715 2341 749 2407 iu
767 2349 879 2409 nostra
891 2350 923 2409 et
940 2349 1120 2412 nostrorum
1138 2346 1310 2428 presencia
1324 2344 1490 2430 quandam

363 2457 482 2515 terram
522 2471 625 2537 suam,
667 2471 729 2535 que
761 2457 811 2518 est
852 2451 915 2518 sita
957 2451 1043 2519 eires
1073 2453 1213 2539 Toplios
1252 2455 1491 2522 Canonieorum

356 2545 641 2646 'Zagrsbiensium
677 2559 709 2625 iu
746 2557 855 2626 duello
881 2565 994 2626 eontra
1028 2560 1250 2628 Christianum
1266 2563 1487 2648 perdidisset;

362 2663 493 2731 tandem
525 2665 805 2734 mater-eiusdem
821 2665 1013 2754 M(otmerii)
1046 2668 1169 2738 dietum
1203 2669 1428 2738 Christianum
1448 2670 1487 2736 de

362 2774 482 2841 iniuria
513 2797 552 2843 uo
581 2775 778 2844 verecundia
809 2775 873 2843 sibi
904 2775 1157 2860 illatagraviter
1189 2778 1375 2865 impetebat,
1405 2777 1492 2862 quod
1578 2871 1579 2874 Ἴ

362 2882 463 2949 eoiam
475 2881 516 2948 ad
532 2883 677 2950 duellum
690 2892 739 2952 est
754 2882 987 2950 adiudicatum.
1001 2885 1103 2970 Super
1120 2907 1184 2971 quo
1198 2884 1300 2952 eoiam
1315 2892 1490 2970 postquem

363 2991 499 3074 ingressi
534 2991 732 3061 fuissentin
758 2997 868 3058 nostra
902 2991 1073 3077 presencia
1097 2993 1203 3062 taliter
1218 3003 1490 3079 composuerunt:
1565 3001 1576 3012 ”

356 3107 397 3166 -ut
421 3101 504 3167 duas
530 3107 641 3185 partes
666 3107 845 3167 memorate
870 3106 955 3166 terre
971 3100 1067 3166 matri
1083 3097 1275 3189 M(otmerii)
1292 3121 1350 3186 pro
1366 3102 1491 3168 iniuria

362 3207 461 3277 illata
493 3207 632 3274 restituit
665 3205 878 3274 Christianus.
909 3206 1058 3274 'landem
1102 3229 1177 3275 vero
1211 3209 1323 3276 eadem
1358 3209 1491 3278 domina

362 3315 486 3382 soilioet
505 3324 606 3382 meter
622 3313 826 3404 (Memmii),
844 3314 887 3382 ad
902 3337 963 3382 nos
980 3303 1154 3398 secedens,x
1165 3318 1297 3404 propriu
1319 3318 1489 3386 uoluntate

362 3424 441 3509 sepe
457 3423 576 3490 dietam
602 3431 721 3490 terram
737 3423 889 3509 capitulo
910 3423 1125 3508 Zagrabiensi
1141 3445 1199 3510 pro
1215 3426 1357 3502 remedio
1374 3429 1485 3492 anime

361 3551 418 3600 sue
447 3531 641 3614 assignarit,
672 3531 732 3598 tali
764 3531 871 3599 forma
902 3531 1153 3600 interueniente:
1187 3534 1400 3620 ut‚quamdiu
1425 3535 1488 3601 sibi

362 3639 430 3705 vila
455 3657 563 3706 eomes
589 3637 750 3725 existeret,
775 3647 951 3724 proventus
967 3641 1057 3708 illius
1086 3652 1170 3708 terre
1195 3643 1255 3710 sub
1280 3641 1490 3728 protensione

360 3744 505 3812 Eeelele
535 3744 598 3812 sibi
630 3745 776 3831 plenarie
808 3748 972 3835 oederent,
1003 3753 1078 3835 post
1109 3755 1242 3816 mortem
1275 3760 1385 3819 autem
1417 3751 1488 3818 eius

361 3851 513 3920 Eoolesia
524 3853 753 3938 Zagrabieusis
764 3863 940 3941 perpetuus
953 3855 1107 3924 existeret
1117 3875 1175 3942 per
1185 3859 1294 3925 omnia
1304 3879 1488 3947 possessum

361 3962 490 4029 anobis
507 3961 676 4030 humiliter
702 3962 880 4051 postulans,
897 3971 932 4030 ut
948 3969 1094 4032 nostrum
1120 3985 1220 4050 super
1236 3964 1298 4033 hoo
1314 3987 1484 4036 assensum

362 4079 396 4138 et
425 4071 704 4138 confirmacionem
737 4074 955 4157 preberemus.
982 4073 1051 4142 Nos
1082 4081 1189 4141 autem
1216 4061 1327 4142 habito
1353 4077 1487 4144 consilio

362 4191 543 4246 nostrorum
570 4181 798 4268 Jobagionum,
829 4188 895 4247 tam
928 4179 1131 4265 Ungarorum
1163 4203 1261 4268 qulam
1292 4183 1488 4266 selavorum,

358 4291 435 4353 tuno
445 4287 599 4374 temporis
610 4289 698 4355 eirea
708 4307 767 4355 nos
782 4287 1004 4373 existendum,
1015 4289 1133 4356 iustam
1145 4309 1185 4356 ao
1196 4290 1282 4377 piam
1292 4291 1485 4376 petieionem

358 4393 448 4464 illius
465 4394 595 4464 domine
612 4395 835 4485 decernentes,
845 4397 987 4482 benigne
996 4397 1197 4484 admisimus,
1213 4419 1255 4488 pe
1271 4399 1305 4464 in
1322 4406 1487 4485 posterum

359 4507 401 4572 ab
426 4505 536 4588 aliquo
561 4505 664 4592 possit
691 4509 875 4595 retraetari,
913 4507 1055 4596 presenti
1084 4508 1253 4594 privilegio
1281 4506 1486 4577 roborantes.

359 4615 459 4686 Cuius
489 4622 574 4682 terre
606 4614 713 4703 prims
743 4623 830 4684 meta
861 4617 977 4706 iuoipit
1009 4640 1029 4684 a
1060 4615 1173 4685 Bedna
1203 4637 1317 4684 versus
1343 4619 1481 4687 rivulum
