3116 5178
789 285 948 390 ...ffl-

305 482 389 548 sinm
406 478 623 565 canituri,
639 478 1026 564 aliaveroJ'obagionum
1052 477 1160 544 Castri
1189 475 1330 562 predicti
1360 475 1440 543 sine

305 585 425 657 herede
440 585 691 672 decedentium
716 594 748 653 et
764 606 862 653 rnarn
879 593 1000 652 terram
1017 583 1060 650 ab
1080 583 1148 650 alia
1171 583 1290 652 fluuius
1314 585 1432 667 Εςτιι

306 693 431 780 potolra
447 693 633 779 separabat,
648 699 771 760 terram
786 691 915 760 scilieet
928 691 1095 778 hospitum
1109 691 1197 758 vltra
1211 690 1346 758 fluuium
1363 710 1434 776 pre·

305 797 428 866 dietum
444 819 558 867 versun
574 797 732 866 orientem
748 796 937 884 diuidendo,
970 802 1002 866 et
1017 805 1137 866 terram
1154 797 1313 865 dictorum
1339 796 1377 863 Β.
1403 801 1438 863 et

303 905 343 973 t.
358 925 381 973 a
396 913 490 992 parte
502 904 684 974 oeeidentis
699 904 913 990 relinquendo
928 925 971 971 ex
986 904 1052 972 ista
1068 909 1162 990 parte
1193 902 1283 988 fluuij
1316 923 1439 990 preno-

302 1013 389 1096 tati;
412 1013 526 1097 sicque
543 1018 646 1078 terras
662 1009 870 1079 nirenmdans
886 1010 1028 1094 vndiqne
1043 1011 1141 1076 nentis
1158 1008 1263 1098 metis,
1277 1011 1434 1096 partibus

302 1118 434 1204 prefixit
449 1118 621 1186 terminum
637 1137 747 1186 eoram
776 1117 870 1184 nobis
895 1116 1114 1202 comparendi.
1156 1115 1227 1196 Que
1257 1117 1439 1186 constitute

302 1245 414 1293 eoram
430 1225 536 1313 nobis,
552 1223 824 1311 quemadmodum
842 1225 949 1293 dietus
965 1227 1156 1311 Prepesitns
1182 1233 1288 1292 terras
1314 1246 1436 1293 memo·

301 1341 394 1400 ratas
409 1333 536 1403 inuenit
551 1341 722 1420 separatas
738 1355 835 1402 vnam
852 1336 895 1401 ab
926 1333 1034 1400 altera
1064 1353 1122 1420 per
1152 1333 1275 1401 dietum
1298 1333 1436 1400 fluuium

300 1438 543 1524 ligraspotolra,
560 1442 607 1510 sit
623 1451 659 1510 vt
675 1440 717 1509 de
733 1449 842 1509 eetero
857 1442 944 1509 inter
969 1459 1007 1509 se
1022 1459 1088 1506 non
1104 1440 1249 1507 habeant
1262 1441 1435 1507 materiam

301 1545 465 1632 litigandi,
482 1548 722 1617 ordinationem
747 1550 846 1618 talem
878 1547 1013 1616 fecimus
1030 1570 1038 1611 ε
1056 1547 1144 1630 quod
1174 1547 1255 1615 dieti
1287 1545 1440 1632 hospites

302 1654 387 1721 vltra
402 1655 535 1724 fluuium
552 1677 666 1725 versus
682 1657 839 1725 orientem
856 1662 975 1724 terram
986 1675 1081 1724 suam
1091 1654 1293 1743 possideant,
1309 1663 1342 1723 et
1352 1655 1446 1722 dieti.

302 1763 483 1831 seruientes
500 1766 604 1832 nostri
619 1785 661 1833 ex
676 1762 741 1832 ista
755 1773 850 1849 parte
864 1763 1006 1832 fluminis
1021 1769 1108 1830 terra
1124 1784 1186 1832 sne
1202 1763 1354 1831 similiter
1364 1765 1439 1831 sint

304 1870 460 1936 contenti.
483 1871 569 1940 Mete
584 1891 662 1940 vero
678 1872 900 1958 predictarum
925 1880 1095 1957 terrarum,
1129 1869 1213 1938 siout
1243 1871 1340 1938 nobis
1373 1891 1434 1955 per

304 1975 432 2044 litteras
448 1978 528 2045 dieti
542 1977 706 2065 Prepositi
722 1979 765 2045 de
779 1979 894 2045 Jazow
908 1977 1058 2059 innotuit,
1088 1976 1149 2043 hoo
1172 1977 1289 2044 ordine
1314 1976 1436 2044 distin·

302 2091 444 2167 guntur:
460 2085 572 2152 Prima
588 2091 677 2152 meta
692 2084 734 2152 de
749 2083 831 2150 villa
846 2081 950 2150 Zokol
967 2082 1113 2167 procedit
1142 2081 1235 2148 iuxta
1264 2083 1436 2168 Egraspa-

302 2191 393 2277 talea,
409 2201 443 2258 et
458 2191 551 2258 vadit
565 2191 689 2258 direote
708 2189 752 2258 ad
768 2190 903 2258 fluuium
919 2190 1073 2270 Harnad;
1097 2196 1131 2257 et
1146 2209 1186 2255 ex
1203 2197 1298 2274 parte
1323 2190 1437 2258 orien-
1547 2258 1551 2267 ,

302 2298 362 2364 tali
377 2298 446 2364 exit
462 2297 506 2362 ad
522 2303 648 2382 partem
664 2299 831 2384 hospitum
847 2297 889 2365 de
904 2297 1006 2383 Zyna,
1024 2301 1057 2362 et
1072 2299 1115 2363 ab
1131 2296 1327 2363 occidentali
1337 2306 1436 2383 parte

301 2405 442 2492 pertinet
455 2403 500 2470 ad
516 2411 640 2490 partem
655 2405 803 2490 Bolynlai
821 2412 854 2470 et
869 2402 1063 2490 Alexandri,
1078 2408 1112 2470 et
1128 2404 1214 2471 inter
1228 2406 1343 2472 ambas
1354 2426 1437 2490 par·

298 2519 350 2581 tes
366 2513 597 2598 Egranpotoka
613 2513 793 2598 preoednnt
808 2519 874 2580 tres
889 2520 975 2580 mete
991 2512 1032 2580 de
1047 2512 1223 2598 salicibus3
1248 2518 1281 2580 et
1296 2515 1337 2580 de
1352 2514 1432 2582 sali·

300 2623 394 2688 cibus
411 2621 596 2706 diriguntur
611 2621 654 2686 ad
672 2640 827 2704 magnam
843 2619 953 2704 viam3
975 2627 1064 2688 etex
1080 2621 1194 2690 eadem
1221 2641 1343 2705 magna
1374 2621 1434 2689 via

305 2727 467 2813 ineipiunt
484 2735 558 2794 oelo
574 2735 660 2797 mete
676 2735 789 2808 terree,
807 2733 839 2794 et
856 2727 1055 2814 protendunt
1069 2747 1106 2795 se
1123 2747 1226 2812 utque
1245 2729 1433 2796 molnarum

299 2832 345 2921 (Ρ)
361 2854 482 2919 aquam
497 2834 569 2921 Ida,
587 2839 675 2902 etex
692 2840 785 2919 parte
801 2833 1010 2900 meridionali
1025 2834 1117 2900 iuxta
1133 2841 1237 2900 metas
1253 2834 1434 2918 premissas

297 2943 488 3028 pertinetad
498 2950 625 3028 partem
636 2943 830 3027 populorum
842 2941 883 3008 de
894 2941 996 3027 Zyna,
1011 2947 1043 3007 et
1052 2961 1094 3008 ex
1103 2949 1197 3025 parte
1207 2943 1427 3011 villenomine
1544 3012 1548 3020 ,

298 3049 403 3118 Zolrol
419 3049 560 3136 pertinet
574 3047 618 3115 ad
632 3057 759 3134 partem
776 3048 917 3116 Bolinlni
935 3052 969 3115 et
983 3047 1184 3132 Alexandri3
1200 3055 1234 3115 et
1242 3055 1329 3115 mete
1340 3057 1431 3118 terre

300 3158 443 3244 ipsorum
458 3156 496 3223 Β.
511 3155 598 3222 eid.
613 3155 843 3240 continguntur
858 3163 941 3222 terre
958 3155 1054 3222 metis
1078 3155 1248 3222 Menhardi
1275 3156 1433 3241 Oomitis;

301 3273 335 3332 et
349 3263 391 3331 de
405 3263 502 3332 metis
518 3262 690 3334 Menhardi
706 3261 843 3329 Comitis
860 3261 1031 3331 reuertitur
1040 3279 1100 3347 per
1109 3263 1251 3347 arbores,
1268 3281 1334 3345 que
1344 3266 1435 3348 wlgo

303 3372 460 3438 dicuntur
476 3373 575 3459 wlfsss
590 3368 633 3438 ad
650 3366 881 3454 Egraspotoka
896 3369 940 3436 ad
956 3370 1136 3454 platanum,
1161 3370 1221 3435 sub
1237 3389 1304 3454 qna
1318 3372 1435 3439 arbore

303 3485 352 3545 est
368 3486 457 3546 meta
474 3484 600 3563 terrea3
623 3484 657 3544 et
679 3477 792 3544 taliter
823 3477 1025 3543 terminatur.
1065 3475 1108 3541 Vt
1138 3475 1238 3562 igitur
1269 3480 1437 3562 premissa

302 3591 416 3651 nostra
432 3583 602 3652 ordinacio
618 3586 715 3652 robur
731 3583 879 3651 obtineat
894 3589 1048 3669 perpetue
1073 3582 1259 3669 firmitatis;
1282 3603 1345 3651 nee
1376 3585 1434 3651 ali-

305 3690 378 3774 quis
395 3690 647 3775 disoeptaeionis
660 3691 834 3775 sorupnlns
850 3690 936 3757 inter
952 3709 1007 3758 eos
1024 3691 1137 3756 valeat
1152 3689 1193 3754 de
1209 3694 1319 3756 oetero
1336 3690 1435 3759 susti

306 3799 380 3884 tari,
398 3805 582 3885 presentem
598 3797 741 3865 litteram
768 3799 988 3864 concessimus
1020 3794 1161 3882 duplicis
1192 3796 1298 3879 sigilli
1332 3797 1435 3865 nostri

305 3906 484 3974 munimine
499 3907 694 3974 roboratam.
711 3903 834 3971 Datum
850 3904 1037 3971 Budeanno
1047 3903 1293 3971 Inrarnaeionis
1301 3904 1436 3973 Domini

305 4011 477 4080 millesimo
492 4013 715 4079 ducentesimo
731 4010 1003 4096 quinquagesimo
1020 4009 1132 4094 primo.

308 4207 344 4269 (Δ
360 4207 451 4273 jdszdi
469 4208 650 4263 konventnelr
671 4213 746 4260 1469.
768 4210 858 4260 »teria
875 4209 976 4272 quinta
993 4209 1124 4272 proxima
1142 4212 1206 4273 pont
1233 4207 1338 4259 festum
1364 4209 1435 4260 Pen-

306 4301 442 4348 tecosten«
461 4299 521 4348 kelt
549 4299 721 4364 ttiratab615
751 4299 857 4362 melyet
887 4311 904 4348 a
934 4297 1039 4360 szepesi
1070 4297 1204 4361 kdptalan
1237 4299 1314 4347 1545.
1347 4295 1436 4348 »seria

307 4387 427 4439 secunda
445 4387 576 4451 proxima
603 4391 669 4453 post
700 4388 805 4439 festum
837 4385 1033 4437 Conuersionis
1063 4387 1145 4437 Beati
1176 4384 1257 4436 Pauli
1290 4385 1436 4450 Apostoli«

486 4477 565 4542 njbdl
584 4477 674 4542 dtlrt3
701 4491 719 4528 a
736 4476 822 4527 bndai
841 4476 894 4526 kir.
913 4475 1040 4527 kamarai
1059 4474 1256 4538 levtltarban.)
