3116 5186
588 323 747 432 Q

93 517 325 610 pertinuisset,
338 529 371 596 et
384 542 471 592 nuuc
578 531 671 595 neret
686 525 747 595 stb.
781 523 822 592 itt
837 523 959 594 ibidem
975 543 1015 594 ac
1029 523 1063 595 in
1091 516 1228 596 instanti

96 634 136 703 in
152 651 285 702 suornm
302 636 475 709 verborum
507 635 807 707 corroboracionem
840 633 1002 722 quasdam
1034 634 1117 713 duas
1148 633 1230 702 litte-

96 759 157 809 rar
171 740 411 832 priuilegiales,
428 765 527 813 rnam
544 743 742 812 Serinissimi
757 743 920 831 Principis
948 742 1073 811 domini
1098 741 1232 812 Andrce

9 922 16 936 ,
94 848 164 916 Dei
179 849 296 935 gracia
310 850 399 938 olym
415 851 557 920 Illustris
574 852 673 938 Regis
690 851 858 936 Hungarie
889 850 996 920 felicis
1027 850 1229 920 recordacio·

93 956 152 1025 nis
167 977 256 1026 anno
272 958 444 1030 Dominice
461 959 709 1028 lucarnacionis
724 959 845 1028 0100ο
860 959 1026 1029 tricesimo
1041 965 1165 1048 quarto,
1182 959 1229 1026 lit-

98 1072 188 1134 teras
203 1065 412 1136 Sanctissimi
428 1067 537 1138 Patris
554 1066 675 1136 domini
693 1067 842 1153 Gregorij
858 1070 949 1156 Pape
965 1067 1054 1138 Noni
1072 1067 1229 1138 transeri·

99 1175 218 1244 benten
234 1183 333 1261 atque
348 1178 486 1262 Regiam
512 1177 743 1247 liberalitatem
776 1177 1004 1246 confirmantes
1034 1176 1110 1263 stt„
1133 1176 1230 1245 nobis

8 1312 13 1325 ·
97 1284 314 1371 presentauit.
337 1285 376 1352 In
392 1305 531 1370 quarum
548 1286 654 1374 unius,
670 1283 799 1354 seilicet
816 1284 920 1372 ipsius
947 1284 1069 1354 domini
1099 1282 1230 1352 Andree

97 1390 203 1476 Regis
219 1389 328 1461 littere
345 1393 565 1482 priuilegialis
583 1392 788 1462 continenoia
803 1393 887 1462 iuter
919 1401 1028 1463 cetera
1060 1390 1230 1478 quandam

98 1501 346 1586 possessionem
361 1501 473 1588 Seagb
490 1509 643 1571 vocatam
655 1503 741 1570 inter
757 1501 840 1570 aliae
865 1501 1090 1588 possessiones
1123 1497 1229 1570 eidem

17 1660 22 1669 .
96 1607 301 1678 Honaslerio
317 1608 428 1678 Sancti
444 1610 577 1679 Martini
594 1611 807 1679 concessione
822 1609 1024 1694 Pontificum,
1041 1607 1225 1694 largicione

96 1715 238 1806 Bagam
254 1725 286 1786 et
301 1718 489 1806 Principum
506 1717 677 1786 oblacione
692 1719 895 1805 pertinentes
909 1737 970 1807 per
984 1719 1090 1806 ipsum
1122 1714 1223 1786 domi·

97 1842 178 1893 num
195 1825 387 1911 Gregorium
403 1829 528 1913 Papam
544 1826 743 1896 authoritate
758 1828 856 1897 Sedis
871 1827 1068 1915 Apostolioe,
1084 1827 1213 1896 demum

98 1953 165 2018 que
180 1954 240 2021 per
255 1933 393 2003 eundem
411 1934 575 2004 dominum
591 1935 755 2005 Andrean
771 1939 894 2022 Regem
918 1937 1020 2024 Regis
1042 1935 1220 2006 liberalita-

98 2042 326 2129 tispolestate
342 2034 566 2114 confirmatam
582 2050 615 2112 et
630 2053 791 2132 perpetuo
807 2043 991 2113 stabilitam
1007 2044 1110 2114 luisse
1142 2045 1232 2116 adin·

99 2151 257 2220 uenimus
271 2149 444 2220 manifeste
461 2153 522 2220 stb.
549 2153 667 2219 Datum
698 2152 733 2218 in
764 2150 956 2238 Wissegrad
987 2151 1144 2239 vigesimo
1177 2155 1233 2222 die

116 2265 309 2327 celaenarum
324 2259 417 2329 Beati
433 2259 569 2345 Georgij
587 2259 731 2328 martiris
746 2259 965 2346 predictarum
990 2279 1077 2328 anno
1101 2259 1233 2330 Domini

111 2367 290 2437 millesimo
307 2364 405 2436 000⁰
420 2365 687 2453 quinquagesimo
703 2374 807 2438 sexto.

175 2567 320 2630 (medaea
339 2567 517 2635 bllrlra'rtyin
528 2583 545 2620 a
557 2567 764 2634 pannonbslmi
777 2567 927 2634 lbspttrtg
946 2565 1161 2635 levilttribani

537 2893 805 2906 ——nnn-——u-u

636 3465 709 3533 181.

100 3664 149 3732 ΙΙ.
169 3665 279 3732 mauce
294 3665 407 3753 kirtly
422 3666 601 3754 oacpctryeda'
616 3689 638 3731 a
654 3664 865 3754 meloposlioyi
880 3664 1007 3751 lcirdlpi
1021 3663 1235 3749 accipitrario,

100 3769 191 3860 lropyy'
220 3799 242 3841 o
272 3772 400 3842 (iuram
430 3775 555 3842 celaui
576 3797 619 3843 εκ.
648 3773 810 3838 Boocdelrs'
825 3773 940 3859 oppletis
965 3771 1138 3860 jotlupyat
1155 3774 1232 3839 lctus

450 3881 761 3950 soroztolbosauuulr.
792 3881 890 3947 1234.

201 4077 366 4148 ¹Andreas
380 4076 442 4146 Del
459 4077 574 4164 gracia
588 4078 660 4146 Rex
690 4075 858 4162 ilungarie
887 4076 1036 4146 omuibus
1067 4081 1234 4162 presentes

100 4188 233 4258 litteras
248 4187 444 4274 imposturis
460 4187 600 4256 salutem
618 4193 651 4254 et
665 4205 760 4254 omne
774 4187 904 4256 bonum.
939 4184 1020 4252 Cum
1035 4183 1115 4252 ordo
1130 4184 1233 4252 racio

100 4298 157 4368 nit
173 4296 368 4384 expostulet,
384 4305 418 4365 ot
433 4295 536 4382 Regie
550 4295 721 4380 dignitatis
740 4295 908 4364 incumbat
923 4293 1042 4380 officio,
1070 4311 1232 4378 congruas

1 4429 3 4495 l
99 4406 168 4476 sibi
182 4403 388 4474 subditorum
403 4403 562 4474 exaudire
589 4401 843 4490 postulaciones,
875 4409 907 4470 et
938 4401 1114 4470 exauditas
1143 4401 1235 4468 iuxta

1 4501 2 4579 ἶ
101 4511 347 4602 postulantium
365 4514 516 4583 affectum
535 4511 665 4581 effectui
682 4512 895 4597 mancipare:
926 4509 1068 4582 omnium
1098 4527 1233 4598 presen-

94 4624 191 4694 cium
206 4641 248 4692 ac
261 4620 441 4694 futurorum
457 4620 575 4693 notloie
590 4619 706 4690 barrum
721 4619 947 4690 insinuaoione
961 4621 1113 4689 volumus
1129 4616 1232 4718 expli.
