3182 5200
551 489 712 596 ..ff-..-

65 684 186 778 Dousa,
203 677 370 777 Oindrino,
387 675 513 760 Cranno
530 690 571 758 de
585 693 734 775 Petrova,
750 690 836 761 Lisis
851 693 917 761 Leo
934 688 1004 761 filia
1020 687 1199 762 doiiarioo

64 793 106 864 de
132 797 308 882 Provooee,
338 797 432 865 Mauo
448 797 489 864 de
505 799 599 885 Visa,
634 799 751 865 mulier
767 799 808 868 de
823 799 973 868 Johanne
989 799 1031 867 de
1046 798 1198 885 Seohira,

65 907 190 985 Viutro,
206 904 325 972 Grassi
341 904 382 971 de
393 905 525 990 Bosazo,
542 906 620 972 Piza
631 905 672 972 de
682 905 817 992 Zampa,
829 893 1022 990 Demuiada,
1037 906 1197 992 Georgius

64 1011 106 1078 de
130 1012 229 1100 Sioio,
246 1011 441 1079 Bonamirns
466 1010 507 1078 de
531 1011 646 1100 Srullo,
661 1009 829 1081 Johannes
845 1012 886 1080 de
911 1011 1002 1099 Sera,
1024 1011 1199 1100 Massiena,

64 1118 207 1186 Niehoia
223 1118 264 1185 de
280 1117 392 1207 Pulso,
403 1119 490 1186 filino
505 1119 548 1186 de
564 1117 726 1206 Dabrona,
744 1119 858 1186 mulier
874 1118 915 1186 de
929 1118 1062 1206 Botooa,
1077 1119 1147 1187 filiu
1157 1117 1200 1186 ds

63 1227 207 1310 hasam,
223 1226 388 1310 Georgius
405 1225 446 1291 de
462 1227 637 1313 Saraoeno,
665 1225 856 1311 Malvesius,
872 1221 1047 1310 Petrunna,
1063 1226 1103 1294 de
1119 1227 1198 1304 Sou-

66 1335 165 1402 avino
181 1332 288 1400 Stossi
304 1330 345 1398 de
361 1333 451 1420 Arei,
470 1333 607 1401 Saluius
625 1334 665 1402 de
680 1333 799 1421 Depez,
816 1333 919 1420 Mena,
945 1333 1014 1402 filia
1039 1334 1081 1404 de
1112 1331 1192 1402 Bra·

64 1453 148 1530 tneo,
182 1440 313 1509 Medius
330 1440 371 1509 de
387 1441 576 1510 Cabernazo
592 1443 700 1529 Duloi,
734 1442 850 1510 mulier
865 1443 1003 1510 Demiou
1028 1443 1072 1510 de
1086 1442 1193 1526 Suari,

63 1549 404 1633 NieholudeSnega,
436 1549 551 1617 Moneo
567 1549 607 1615 de
639 1550 753 1638 Zanni,
778 1547 900 1637 Skolio,
933 1550 1048 1618 mulier
1078 1548 1119 1618 (ie
1148 1549 1196 1618 Za

60 1696 105 1709 -
122 1697 164 1712 -
183 1695 225 1708 -
246 1694 299 1744 -,
315 1656 482 1726 iohannes
500 1659 542 1724 uio
565 1659 684 1746 Segne,
700 1658 817 1726 mulier
833 1659 874 1726 de
890 1657 1072 1744 Marneohi,
1096 1657 1196 1725 Priba

60 1767 183 1834 mulier
198 1763 240 1834 do
256 1763 443 1849 Bodovano,
471 1765 610 1834 Murices
627 1767 668 1834 de
700 1766 878 1854 presbitero
909 1766 1023 1853 Russo,
1054 1764 1123 1832 filia
1154 1761 1195 1833 de

59 1874 198 1942 Riualdi
216 1881 248 1942 et
263 1881 368 1940 mater
382 1883 487 1941 mater
504 1874 585 1960 eius,
604 1875 713 1943 Gener
728 1875 770 1944 de
786 1874 938 1963 Masiooa,
962 1875 1028 1942 Leo
1044 1871 1085 1941 de
1098 1872 1197 1940 Miru-

61 1984 191 2070 eambs,
218 1983 286 2049 filia
302 1981 345 2048 do
361 1981 533 2065 Nemagna
549 1981 590 2047 de
615 1981 856 2070 Gambostorto,
872 1984 957 2050 filius
974 1978 1016 2048 de
1031 1982 1195 2068 Mozueoo,

60 2091 130 2158 filia
146 2090 188 2157 de
204 2090 355 2157 Johanoe
371 2087 412 2157 de
429 2087 570 2170 Gerudo,
586 2090 704 2158 mulier
721 2091 760 2156 de
777 2093 884 2156 Tenea
900 2091 1062 2179 Delanno,
1078 2089 1193 2157 Menoe

62 2200 102 2267 de
117 2199 235 2283 Longo
252 2233 536 2246 —————
551 2199 666 2283 Auula,
685 2199 768 2266 filius
785 2198 945 2266 Johannis
968 2199 1008 2266 de
1035 2197 1114 2285 Stoi,
1139 2195 1195 2264 Jo-

61 2305 187 2374 hsnnes
204 2303 245 2372 de
261 2306 384 2393 Kesna,
398 2306 566 2392 Marinolo,
603 2306 713 2391 Drago
739 2307 780 2373 do
806 2305 934 2394 Cressa,
966 2303 1121 2374 Andreas
1151 2303 1193 2370 do

61 2415 197 2500 Zauino,
214 2416 290 2481 Dux
307 2419 339 2479 et
355 2414 442 2481 filins
459 2415 541 2500 eins,
557 2413 625 2482 filia
642 2413 683 2480 de
699 2415 827 2501 Konna,
840 2415 950 2482 Barba
966 2411 1191 2499 deCueuvaia,

1 2513 2 2586 3
62 2522 169 2603 Licea,
185 2522 294 2590 Maria
310 2523 378 2587 filia
394 2519 563 2608 Oiazolini,
580 2523 637 2590 Sia
652 2523 694 2590 de
718 2524 901 2610 Ninoagna,
918 2522 1035 2590 Bonito
1050 2521 1091 2589 de
1100 2521 1193 2605 Belo,

1 2657 8 2732 s
61 2630 181 2698 Fnsolo
199 2630 241 2698 de
257 2629 382 2718 Zevno,
398 2630 533 2698 Petrano
549 2630 590 2698 de
607 2628 735 2720 Oomor,
761 2630 895 2700 Caluina
910 2631 951 2700 du
968 2630 1110 2720 anailo,
1142 2627 1193 2695 ci·

2 2747 3 2808 ]
64 2740 210 2825 prianus,
228 2737 390 2824 Soreious,
415 2739 578 2807 Bratizolo
595 2749 626 2808 ot
641 2739 837 2822 Soceruoius,
861 2742 974 2808 Moneo
1003 2738 1044 2806 tle
1069 2737 1194 2804 Habra·

3 2853 7 2894 ῑ
65 2847 149 2928 ham,
168 2844 337 2914 Johunnos
354 2845 394 2912 de
411 2846 600 2935 Searanato,
613 2845 844 2935 Gunbertinus,
855 2846 990 2915 cosmas
1001 2845 1042 2914 de
1054 2845 1192 2934 Kyllies·

4 3014 9 3050 ,
63 2975 109 3040 sa,
127 2953 236 3021 Murio
254 2953 314 3020 des
330 2953 450 3038 Decea,
466 2954 527 3021 Bia
544 2954 584 3020 de
600 2954 744 3040 Kilessu,
760 2955 830 3022 filia
845 2954 886 3022 de
902 2955 1017 3039 Zuoeu,
1043 2955 1126 3020 filios
1152 2952 1192 3019 do

5 3057 14 3144 i
65 3063 166 3130 Paulo
182 3062 225 3129 de
241 3062 378 3149 Marino,
411 3061 560 3144 Sarouea,
593 3063 771 3130 Petravula
787 3063 828 3131 de
852 3061 1032 3149 Corallino,
1059 3057 1192 3126 Verella

64 3170 104 3237 de
118 3171 261 3258 Turonos,
292 3169 415 3238 Sistioa
430 3177 462 3236 et
477 3191 569 3240 soror
584 3170 666 3257 eius,
683 3171 798 3238 mulier
814 3169 854 3240 tle
871 3171 978 3237 Barba
995 3167 1104 3254 Gingi,
1124 3167 1193 3234 filia

8 3347 10 3358 ,
62 3282 103 3348 do
113 3281 233 3364 Penzo,
249 3273 564 3364 Suanara,‘Grosso,
591 3278 661 3346 filia
677 3278 718 3346 de
733 3279 872 3365 Negnla,
899 3277 1031 3348 Andrea
1047 3276 1087 3344 uie
1103 3275 1192 3344 Orsa

8 3397 10 3412 '
64 3397 96 3456 et
110 3395 205 3476 peter
221 3388 302 3468 eius,
318 3385 404 3455 filius
420 3385 461 3454 do
485 3387 643 3474 Maruuro,
671 3387 787 3455 mulier
819 3386 860 3453 de
892 3386 1021 3474 Gibulo,
1050 3389 1118 3458 filia
1149 3391 1191 3458 de

64 3497 188 3575 Genua,
203 3496 246 3563 de
260 3495 476 3584 Plangipano,
509 3497 622 3586 Creue,
653 3495 737 3564 filius
769 3494 809 3563 de
840 3495 952 3582 Violra,
983 3500 1122 3567 Tuuelia
1151 3499 1192 3568 ulo

11 3617 13 3708 ξ
64 3607 199 3694 Zampa,
215 3603 283 3673 Leo
297 3604 481 3694 Vardellus,
501 3605 625 3692 Rauda,
641 3605 759 3690 Sergio
775 3603 814 3672 de
832 3605 966 3673 Vitrano
982 3607 1069 3674 'Polli
1080 3606 1192 3678 doBu·

12 3711 14 3750 2
64 3715 148 3804 dine,
162 3713 278 3782 Biade
290 3701 456 3804 Marguro,
468 3714 602 3801 Urania,
618 3713 756 3783 Zanello
782 3714 822 3781 de
839 3751 883 3762 -
902 3747 938 3760 -
958 3749 1002 3764 -
1017 3735 1065 3802 os,
1082 3716 1192 3784 Dami-

64 3846 127 3907 gnu
142 3821 317 3910 furnarius,
332 3823 418 3892 Vero
434 3821 475 3891 de
492 3822 591 3909 Opor,
608 3824 774 3892 Johannes
798 3823 841 3892 de
864 3823 975 3914 Bora,
1006 3827 1122 3894 mulier
1151 3825 1192 3895 de

66 3933 168 4018 Ciicli,
185 3930 304 3999 mulier
320 3931 362 4000 de
378 3930 508 3998 Andrea
524 3929 565 3999 de
580 3932 739 4017 Pitrigna,
766 3931 882 4001 mulier
899 3932 939 4002 de
956 3934 1046 4021 Mini,
1077 3935 1192 4004 Menon

66 4037 102 4107 ue
125 4039 218 4127 Dari,
249 4040 369 4108 Fusolu
393 4041 434 4107 de
451 4040 564 4127 Corbu,
594 4040 783 4110 Habraham
809 4041 895 4107 filius
915 4077 952 4090 -
975 4075 1013 4090 *
1032 4071 1075 4085 -—
1091 4076 1135 4090 -
1152 4043 1192 4112 do

64 4145 141 4216 Sear
160 4181 466 4199 -----
491 4148 627 4218 Biuzola
665 4149 732 4216 filia
771 4148 811 4215 do
850 4148 993 4232 Pidruto,
1031 4149 1125 4217 Buna
1151 4153 1191 4221 do

63 4255 180 4346 Nurad,
197 4257 301 4326 Bolea
326 4255 367 4323 de
398 4257 553 4345 Stiuanei,
585 4256 772 4345 Stephanus
804 4256 845 4324 de
877 4257 1039 4326 Monduoa
1069 4258 1190 4348 Vaeca,

61 4365 144 4433 fliius
175 4365 218 4434 de
255 4368 373 4448 Ponea,
404 4367 502 4452 Dsgu
533 4365 671 4454 Budaia,
703 4365 846 4434 Jacobus
878 4365 1043 4450 Pelizaro,
1076 4367 1191 4439 Petrus

62 4472 100 4541 de
132 4473 276 4560 zonara,
305 4473 376 4541 fiiia
407 4474 448 4540 de
479 4474 609 4557 Pinuia,
642 4475 758 4542 Gretta
789 4474 831 4542 do
857 4473 979 4556 Vinea,
1009 4473 1095 4542 filius
1127 4475 1190 4548 Ro·

61 4580 147 4669 dolii,
179 4583 275 4650 Bona
291 4581 332 4650 de
350 4581 490 4669 Gnidon,
524 4583 665 4668 Nabrus,
698 4583 812 4652 Simon
829 4582 869 4650 de
887 4581 1036 4671 Gereiva,
1065 4583 1192 4672 liedda,

61 4687 123 4756 iliu
140 4689 180 4757 de
196 4689 380 4774 Constrato,
400 4687 558 4774 Georgius
576 4691 616 4760 de
633 4691 820 4777 Burgulina,
838 4689 954 4759 mulier
970 4691 1011 4762 de
1026 4691 1188 4786 Filusani,

41 4841 42 4844 =
62 4793 118 4868 Bia
133 4797 175 4868 de
192 4799 318 4888 Sergia,
330 4799 442 4872 Petrus
460 4797 500 4868 do
517 4801 639 4894 Pauuo,
657 4797 804 4890 Quiriua,
820 4799 960 4870 Morioea
976 4797 1017 4868 do
1037 4799 1190 4872 Jobanue

1041 4910 1081 4984 ὑῒ
