3182 5200
837 262 997 362 gas-

355 467 429 526 tuer
442 459 533 528 uillis
551 457 656 527 eidem
673 457 787 544 predio
803 457 1053 546 pertinentibus,
1073 475 1215 540 *onmem
1243 454 1377 526 n'emina
1407 465 1497 528 sunt:

353 569 416 634 bec
431 565 583 651 :ronasce
598 567 695 650 Jecur,
712 565 881 633 Oaateilcn
899 572 931 632 et
961 565 1134 646 Ybrebert‚
1161 565 1289 634 sibiet
1319 584 1379 650 per
1410 583 1489 632 erm
1551 558 1554 560 ’

358 674 533 742 heredibus
547 675 615 742 suis
633 677 790 758 perpetuo
805 672 1002 741 contulimus
1028 670 1257 758 possidendam
1284 670 1382 760 (lgy).
1420 673 1490 740 Ta·

352 780 418 847 lcm
435 779 595 866 mquidem
612 781 701 848 dioto
717 779 831 867 predio
848 800 920 848 curn
938 779 1026 848 uillis
1041 779 1494 864 sibipertiuentibusdouun·

360 894 410 956 tes
426 887 620 973 libertatem,
638 886 726 973 qnod
741 908 839 974 super
852 888 1011 975 populum
1026 888 1061 954 in
1077 887 1144 956 illis
1153 892 1405 956 commorantem
1415 888 1491 954 nul·

359 993 413 1060 lus
430 995 636 1062 collectorem
660 993 842 1079 ponderum
868 994 938 1062 siue
963 994 1136 1062 liberorum
1169 993 1374 1062 denariorum
1406 985 1518 1082 pon?

354 1099 440 1168 dere
455 1122 515 1170 seu
531 1104 654 1171 liberos
670 1101 822 1170 denarios
847 1099 889 1170 de
920 1109 1029 1170 cetero
1057 1107 1223 1186 presumat
1252 1102 1394 1187 exigere,
1425 1121 1493 1170 nee

232 1279 241 1288 ,
362 1211 466 1277 eciem
483 1210 527 1276 ad
543 1211 708 1297 parandus
722 1210 896 1296 indagines
913 1211 965 1278 nel
981 1211 1119 1295 fossata,
1135 1229 1194 1277 sen
1218 1210 1322 1276 eciam
1352 1209 1396 1277 ad
1427 1209 1492 1276 sli-

363 1319 449 1402 qnod
464 1317 634 1402 negocium
651 1317 749 1384 castri
765 1317 812 1385 ire
828 1318 1104 1400 constringantur.
1132 1311 1360 1384 concessimus
1375 1323 1496 1386 autem

352 1425 532 1510 prefatos·
548 1426 638 1497 fideli
655 1431 773 1509 nostro,
789 1432 825 1492 nt
840 1425 872 1492 in
890 1423 1078 1511 supradicto
1093 1425 1205 1512 predio
1222 1424 1487 1508 Sengurgforum

266 1544 269 1553 ’
344 1535 400 1599 Διώ
419 1534 505 1601 omni
523 1535 695 1600 exaccione
713 1533 824 1600 tributi
841 1534 980 1601 liberum
997 1532 1184 1619 possideat;
1209 1533 1257 1600 ita
1273 1534 1360 1616 quod
1377 1531 1489 1600 nnllns

352 1641 550 1710 'tributarius
568 1641 797 1708 conuenientes
812 1640 857 1706 ud
872 1640 938 1706 iarn
955 1640 1075 1708 dictum
1091 1641 1299 1726 forumsnper
1310 1642 1488 1709 exaccione

356 1749 469 1816 tributi
487 1753 653 1834 presumat
670 1747 814 1815 indebite
837 1749 1018 1815 molestare.
1058 1747 1179 1815 Uerum
1212 1747 1290 1831 quie
1321 1747 1486 1833 presentis
1584 1774 1588 1777 ·

354 1856 520 1942 priuilegij
538 1856 643 1924 series
658 1855 775 1940 prioris
791 1854 892 1937 sigilli
909 1856 1012 1922 nostri
1028 1855 1214 1941 munimine,
1247 1856 1333 1938 quod
1349 1856 1383 1920 in
1400 1857 1485 1922 oeci·

357 1966 448 2034 sioue
463 1967 588 2047 Regiae
605 1963 776 2031 Gertrudis
793 1971 903 2033 nostre
919 1962 1131 2030 dilectissime
1157 1964 1303 2050 coniugis
1335 1966 1399 2032 fuit
1432 1963 1486 2029 de·

358 2073 529 2160 perditum,
540 2073 739 2155 ·eonsignate
754 2069 869 2156 fuerat,
887 2081 1070 2156 presentem
1086 2073 1241 2157 peginam
1258 2073 1483 2140 renouandam

355 2185 424 2248 fore
442 2180 576 2264 dignum
595 2179 756 2264 desimus,
774 2179 889 2246 etalio
906 2181 1024 2266 sigillo,
1041 2179 1129 2262 quod
1145 2188 1258 2247 eontra
1273 2181 1356 2248 false
1382 2181 1483 2247 cauil-

356 2287 491 2356 lacionis
509 2287 707 2362 dolositates,
722 2305 785 2368 que
801 2295 933 2371 possent
949 2286 1104 2368 accidere,
1138 2291 1243 2371 parari
1269 2290 1415 2375 fecimus,
1448 2297 1484 2356 ut

356 2397 446 2462 laeta
462 2415 522 2479 per
537 2414 595 2460 nos
612 2394 750 2478 predicti
767 2392 871 2480 predij
904 2394 1051 2480 Sengurg
1083 2394 1221 2463 donacio
1251 2403 1317 2463 tam
1349 2397 1482 2484 nostris,

359 2523 455 2587 qurum
472 2509 652 2569 nostrorum
669 2519 891 2569 successorum
909 2502 1108 2588 temporibus
1125 2503 1219 2570 firma
1233 2521 1362 2589 semper
1378 2511 1411 2570 et
1435 2506 1481 2570 in-

356 2608 573 2676 retractabilis
589 2615 803 2694 permaneret,
821 2611 854 2676 in
872 2618 1060 2696 perpetuum
1078 2611 1309 2680 roborabimus.
1332 2613 1483 2679 Renoua-

354 2723 421 2782 tum
440 2736 629 2802 permanes
645 2717 768 2782 Tbome
783 2717 932 2786 Albensis
949 2721 1113 2805 Prepositi
1131 2727 1162 2786 ct
1178 2720 1253 2786 aule
1268 2721 1370 2803 Regis
1396 2719 1480 2786 Geu-

353 2825 478 2909 eellarij
496 2845 582 2891 enno
599 2825 641 2890 ab
657 2826 892 2892 incarnacione
906 2828 1048 2896 Domini
1073 2827 1298 2894 M⁰OC⁰XVI⁰.
1338 2829 1481 2895 Venere·
1526 2889 1529 2896 .

354 2931 413 2997 bili
453 2929 603 2999 lohanne
642 2931 876 3015 strigoniensi,
902 2933 1096 3000 Reuerendo
1127 2935 1280 3002 Bertoldo
1310 2934 1481 3005 colocemi

352 3038 614 3125 Archiepiscopis
631 3038 862 3124 existentibus3
887 3042 1009 3108 Gaiano
1036 3043 1389 3130 Quinqueecclesiensi,
1420 3043 1480 3109 Ga·
1580 3115 1585 3120 ,

354 3149 499 3233 thapano
516 3146 678 3232 Agriensi,
695 3147 865 3215 Desiderio
883 3147 1088 3234 Oenadiensi,
1103 3149 1244 3235 Symone
1260 3151 1480 3238 Waradiensi,

352 3255 522 3322 Willermo
537 3254 766 3340 Vitrasiluano,
798 3257 895 3325 Petro
912 3256 1092 3345 Geurieusi,
1124 3259 1264 3326 Roberto
1288 3259 1479 3346 Wesprimi·

354 3364 435 3448 ensi,
453 3370 484 3432 et
500 3363 576 3429 aliis
592 3363 765 3449 Episcopis
780 3363 947 3433 Ecclesiae
965 3365 1102 3432 feliciter
1119 3367 1385 3450 gubernantibus.
1401 3367 1489 3434 Jrla.
1580 3351 1586 3358 ’

355 3472 517 3558 Palatino,
550 3472 656 3538 Poura
672 3471 776 3558 Bano,
807 3472 967 3558 Dyonisio
981 3473 1138 3556 Magistro
1157 3473 1424 3542 Tawernicorum
1449 3481 1481 3542 ct

348 3577 477 3644 (inmite
491 3577 577 3644 Noui
594 3576 712 3660 (taetri,
729 3577 839 3650 chuc
857 3579 976 3650 donati
993 3581 1117 3652 Gemite
1134 3581 1357 3668 existentibus,
1374 3585 1479 3667 Regni

349 3685 451 3752 nostri
463 3705 551 3752 anno
566 3683 659 3752 xne

352 3885 492 3946 (Eredetie
510 3885 695 3950 berhartytm
715 3888 837 3950 melyrdl
855 3901 872 3939 a
890 3891 985 3952 peccet
1002 3887 1134 3940 tbredelre
1153 3889 1332 3958 verbs-serpe
1360 3890 1484 3954 selyem··

510 3978 641 4028 zeinbron
661 3977 738 4042 fiigg,
764 3993 782 4029 a
799 3977 883 4028 budsi
902 3981 954 4030 kin.
975 3981 1102 4030 kamarai
1121 3979 1314 4040 leveltarban.)

777 4271 1045 4288 *manvu—.-
