3182 5200
538 197 698 294 „.⁹.⁹„.
737 143 739 146 ,

23 435 25 444 =
64 392 153 460 certis
168 396 260 457 metis
277 400 310 458 ct
326 391 472 457 terminis
505 389 646 456 divisam
673 388 830 455 frutribus
860 386 982 452 Milioie
998 384 1126 472 Templi
1143 388 1178 452 in

23 487 24 490 ¹
67 520 167 585 purum
196 498 333 566 contulit
370 497 590 582 elemosinam,
630 517 689 562 nos
729 497 852 563 eisdem
878 493 1030 561 iratribus
1070 513 1181 560 couce-
1251 561 1255 568 ,

23 621 24 628 ’
64 607 161 672 dimus
183 611 214 672 et
246 605 486 689 confirmamus,
520 605 596 690 jure
629 611 784 688 perpetuo
809 601 1050 690 possidendam.
1076 602 1175 668 Cuius
1208 647 1209 650 =
1308 623 1313 631 ·

67 712 207 797 siquidem
224 713 333 796 prims
349 723 434 778 meto
465 711 580 796 incipit
596 709 637 776 de
655 710 767 796 rivulo,
792 709 848 794 qui
864 710 983 777 dicitur
1013 710 1124 797 Zelno,
1141 709 1174 775 iu

23 853 25 858 ·
66 821 126 887 loco
154 820 290 888 ubistot
323 840 454 888 cerasus
486 821 612 888 duobus
644 823 790 906 ramices
807 821 878 905 ipse
910 818 1121 887 rivulusflnit
1143 818 1177 883 in

23 927 25 954 i
66 948 166 1012 nqncm
182 927 404 1015 Glogonicam,
438 938 553 994 teneus
569 928 715 1013 ipsorum
747 935 861 1013 metas,
879 927 920 994 'ei
936 931 1010 1013 ipsa
1026 927 1116 994 ducit
1133 924 1178 992 od

23 1097 24 1100 ,
63 1041 167 1102 metum
183 1035 297 1121 Guihe,
330 1036 442 1121 ibique
459 1045 510 1102 est
525 1037 652 1123 cluens,
668 1035 702 1102 iu
719 1056 780 1120 quo
796 1037 897 1101 currit
912 1055 1007 1120 equs,
1023 1033 1175 1100 dividens

63 1152 163 1227 metas,
194 1149 225 1209 et
251 1143 347 1212 vadit
376 1143 575 1230 superiusin
593 1143 764 1210 rotundum
792 1144 1012 1228 monticulum,
1040 1151 1072 1209 et
1091 1139 1180 1206 ducit

62 1251 232 1336 persilrnm
249 1253 294 1318 od
313 1259 434 1318 metum
469 1249 641 1317 cuiusdam
658 1251 802 1336 proceris
834 1251 964 1318 nomine
990 1249 1171 1332 Viniuslsu,

64 1377 115 1438 qno
130 1363 239 1444 terras,
255 1378 392 1426 nemora
408 1358 570 1445 impositis
602 1377 700 1443 super
715 1357 847 1423 arbores
864 1358 966 1424 crucis
993 1355 1173 1439 signaculis

23 1519 25 1532 .
65 1466 117 1530 itur
130 1464 169 1530 sd
182 1467 279 1552 vium,
298 1488 363 1551 que
380 1467 470 1533 ducit
485 1465 529 1532 ad
545 1465 739 1533 Orisiensem
756 1467 871 1551 locum,
905 1465 996 1533 iuxta
1012 1485 1109 1551 quem
1126 1465 1176 1529 in·

23 1659 25 1662 ¹
64 1591 131 1654 gens
144 1592 276 1654 quercus
303 1583 381 1660 stat,
400 1594 495 1640 cruce
520 1571 694 1657 denotata5
727 1572 804 1638 inde
821 1574 913 1639 vadit
929 1572 972 1638 sd
989 1573 1096 1656 Zopoz
1112 1591 1171 1658 per

23 1669 25 1748 ζ
64 1679 148 1744 siivas
161 1678 241 1745 sicut
256 1699 371 1747 cruces
388 1681 627 1765 superurbores
644 1686 720 1746 suut
736 1680 850 1761 incise,
866 1679 907 1744 de
925 1700 987 1764 quo
998 1681 1068 1745 fluit
1085 1699 1172 1764 sque

23 1803 24 1870 j
65 1797 90 1848 ct
102 1785 181 1851 rudit
193 1788 227 1852 in
243 1788 347 1852 sliam
358 1809 487 1874 squam,
500 1807 562 1870 qne
573 1784 689 1852 dicitur
705 1787 884 1870 Vertileno,
895 1785 936 1852 de
946 1807 1011 1870 qus
1022 1789 1175 1853 ruditsu·

64 1891 1175 1979 periusinuemus‚ettrunsiensmoniespersignacrucisitursdviam

65 1999 207 2085 Rostiusz,
224 2001 304 2068 iude
315 2002 360 2067 ad
370 2023 488 2086 aquarn
500 2021 563 2087 quo
573 2001 991 2088 diciturMiuorVertileno‚
1002 2001 1111 2084 ibique
1122 2009 1173 2069 est

23 2105 25 2194 ξ
67 2109 172 2173 mersio
183 2115 302 2174 terram
315 2114 478 2192 ctoqusm
489 2107 725 2176 deterrofsoto
736 2108 900 2175 etcruxiu
911 2128 1041 2195 quercu,
1062 2117 1095 2176 et
1111 2109 1170 2176 iilo

23 2225 25 2326 ξ
67 2215 209 2282 Vertileus
241 2216 367 2283 dividit
387 2221 506 2282 terram
530 2235 632 2299 nsque
647 2215 689 2281 ud
704 2217 792 2283 viam
808 2236 870 2302 que
885 2216 974 2283 ducit
990 2217 1033 2284 sd
1047 2217 1165 2304 Kcmy·

23 2327 25 2404 ξ
67 2323 137 2410 heth3
150 2325 188 2390 de
199 2324 324 2390 illuvio
335 2324 429 2391 vadit
440 2345 498 2408 per
516 2335 638 2390 montes
655 2332 686 2389 et
702 2325 803 2390 valles
820 2333 852 2389 et
867 2324 978 2408 silves,
995 2327 1078 2392 sicut
1094 2335 1169 2392 sunt

23 2423 25 2502 ἰ
68 2451 144 2516 super
169 2435 300 2499 arbores
334 2431 448 2514 crocis,
466 2432 531 2496 itur
546 2431 590 2497 sd
605 2437 724 2498 terrem
757 2433 876 2518 chsc,
908 2434 963 2516 qui
980 2440 1029 2499 est
1045 2433 1170 2500 vicinus

23 2523 25 2604 ἦ
67 2539 151 2604 eidem
166 2546 255 2622 terre,
273 2537 396 2605 abhinc
420 2537 587 2604 descendit
604 2537 636 2602 iu
655 2537 814 2605 fraxinum
831 2541 864 2604 iu
882 2560 946 2623 qua
963 2550 1011 2606 est
1028 2561 1113 2622 crux,
1133 2549 1165 2607 et

23 2619 26 2760 ξ
68 2644 127 2713 inde
138 2667 191 2732 per
205 2646 349 2715 mediam
383 2664 512 2732 aquom,
530 2665 594 2728 quo
611 2651 659 2712 est
675 2645 730 2732 iui,
747 2653 780 2712 et
794 2645 884 2713 vadit
899 2649 934 2713 in
952 2657 1091 2716 montem
1110 2650 1163 2715 ubi

23 2777 36 2852 p·
68 2756 192 2840 cstlopis
208 2765 240 2822 ct
255 2756 360 2840 lacus,
379 2761 412 2820 et
429 2755 667 2821 inxtsecndem
685 2761 760 2820 suni
776 2775 887 2822 cruces
899 2757 932 2822 in
944 2759 1124 2840 arboribus,
1142 2763 1174 2820 ct

69 2864 104 2928 sic
115 2866 219 2949 repetit
234 2864 375 2931 inferius
394 2863 437 2930 ad
457 2883 587 2948 uquam,
604 2884 667 2946 que
684 2862 804 2930 dicitur
820 2863 933 2948 zelun,
949 2867 1004 2933 uhi
1021 2873 1070 2932 est
1086 2885 1173 2932 oera-

23 3041 26 3094 i
69 2989 110 3037 sus
136 2973 250 3041 duobus
283 2973 396 3040 ramis.
428 2973 547 3037 Terras
580 2972 695 3052 eciam,
728 2992 792 3056 quc
818 2973 924 3038 Butha
942 2982 973 3039 et
998 2974 1110 3040 Bocko
1138 2983 1169 3040 ei

23 3101 26 3194 p
70 3079 180 3148 Oramus
209 3082 431 3166 nominantur,
465 3100 537 3147 cum
571 3082 721 3147 omuibus
752 3083 819 3146 suis
850 3080 1070 3166 pertinenciis,
1088 3101 1168 3166 quas

23 3205 25 3284 ᾗ
70 3185 148 3254 irater
161 3199 267 3256 nostor
285 3183 509 3276 H(cmerious)
526 3187 594 3254 Rex
611 3188 697 3254 douo
713 3189 979 3274 predecessorum
989 3196 1170 3256 nostrorum

70 3292 173 3361 uididit
187 3295 341 3380 predictis
357 3293 530 3381 fratribus,
547 3295 766 3363 concessimus
779 3303 810 3362 et
827 3295 1085 3364 confirmavimus
1101 3296 1171 3380 jure

23 3375 25 3488 Ξ
70 3411 197 3486 perpetuo
227 3401 456 3490 possidendos.
494 3403 636 3482 Quarum
664 3405 769 3489 prims
796 3412 882 3470 metu
898 3403 1050 3490 cstpirus
1066 3423 1171 3490 propo

23 3489 25 3587 ἶ
70 3506 262 3593 bunionem,
292 3517 323 3576 et
338 3509 415 3575 inde
449 3510 541 3576 vadit
572 3509 800 3577 descendendo
818 3513 852 3577 in
880 3513 1024 3590 Glonice,
1041 3518 1073 3576 et
1089 3511 1172 3577 sicut

23 3613 26 3694 ἰ
72 3613 260 3700 cudendum
293 3615 437 3683 decurrit
464 3619 625 3701 usquead
643 3627 759 3684 terram
791 3620 924 3704 Logdon
955 3618 1004 3686 sic
1020 3626 1068 3685 est
1085 3625 1171 3684 terra

72 3718 183 3810 Templi,
198 3727 274 3792 inde
290 3745 367 3793 vero
388 3725 444 3791 ubi
463 3735 546 3792 terre
563 3725 694 3810 Logdon
712 3727 901 3810 adiungitur
916 3727 983 3793 exii
1000 3728 1088 3794 foros
1104 3748 1162 3794 ver

73 3845 114 3894 sus
133 3833 276 3901 orientem
294 3842 326 3899 ct
343 3835 388 3899 ibi
406 3841 455 3900 cst
472 3841 577 3900 terren
608 3842 696 3900 meta
712 3835 755 3928 od
772 3833 916 3901 radicem
950 3834 1085 3924 arboris,
1106 3855 1169 3919 que

73 3935 155 4003 ulmus
169 3939 293 4028 dicitnr,
310 3947 342 4006 et
357 3941 460 4008 renuit
491 3944 638 4028 superius
671 3943 715 4008 ad
746 3950 888 4010 montem
921 3942 975 4008 ubi
1007 3951 1057 4008 est
1087 3951 1172 4010 mets

23 3997 32 4138 ζ’
74 4045 155 4110 serres
181 4048 239 4112 sub
270 4067 401 4136 quercu,
428 4055 460 4114 ot
486 4049 562 4115 iude
593 4048 762 4116 descendit
792 4050 826 4116 iu
844 4049 1007 4136 Grayeno,
1040 4059 1073 4116 et
1088 4053 1171 4117 siout

23 4141 25 4184 ³
73 4148 160 4218 eadem
189 4175 273 4240 aqua
290 4163 381 4221 tenet
395 4157 512 4223 exinde
544 4143 644 4244 usque
662 4159 705 4224 ad
722 4158 828 4226 locum
846 4157 899 4224 ubi
918 4158 1030 4243 oritur,
1051 4157 1106 4222 ubi
1122 4166 1170 4226 est

74 4269 139 4326 meta
153 4265 206 4329 snb
220 4265 334 4330 arbore
358 4282 421 4345 que
438 4262 543 4354 c(len)
559 4264 674 4350 linqua
691 4264 885 4333 Sclaveniou
912 4265 1108 4351 nominetur,
1125 4267 1167 4331 ad

73 4368 206 4437 sinistram
222 4378 345 4458 partem
362 4379 413 4438 esi
430 4378 521 4440 terro
536 4371 660 4441 Domus
681 4371 820 4460 Templi,
839 4371 878 4439 de
894 4373 1009 4439 eadem
1024 4393 1100 4439 vero
1118 4391 1171 4440 or*

74 4479 134 4546 bore
146 4479 283 4548 escendit
314 4481 463 4565 superius
479 4481 522 4546 cd
539 4487 604 4550 tres
621 4500 764 4568 cerasos,
780 4482 837 4548 nbi
854 4487 902 4547 est
932 4486 1020 4548 metu
1043 4490 1150 4550 terreo
