<?xml version="1.0" encoding="UTF-8"?>
<!DOCTYPE html PUBLIC "-//W3C//DTD XHTML 1.0 Transitional//EN"
    "http://www.w3.org/TR/xhtml1/DTD/xhtml1-transitional.dtd">
<html xmlns="http://www.w3.org/1999/xhtml" xml:lang="en" lang="en">
 <head>
  <title>
</title>
<meta http-equiv="Content-Type" content="text/html;charset=utf-8" />
  <meta name='ocr-system' content='tesseract 3.04.00' />
  <meta name='ocr-capabilities' content='ocr_page ocr_carea ocr_par ocr_line ocrx_word'/>
</head>
<body>
  <div class='ocr_page' id='page_1' title='image "./codexdiplomatic01wenzgoog_0131.png"; bbox 0 0 3182 5200; ppageno 0'>
   <div class='ocr_carea' id='block_1_1' title="bbox 570 289 732 393">
    <p class='ocr_par' dir='ltr' id='par_1_1' title="bbox 570 289 732 393">
     <span class='ocr_line' id='line_1_1' title="bbox 570 289 732 393; baseline 0.006 -1"><span class='ocrx_word' id='word_1_1' title='bbox 570 289 732 393; x_wconf 61' lang='lat' dir='ltr'>...m</span> 
     </span>
    </p>
   </div>
   <div class='ocr_carea' id='block_1_2' title="bbox 21 467 1343 700">
    <p class='ocr_par' dir='ltr' id='par_1_2' title="bbox 21 467 1343 700">
     <span class='ocr_line' id='line_1_2' title="bbox 21 467 1343 576; baseline 0.005 -22"><span class='ocrx_word' id='word_1_2' title='bbox 21 565 22 570; x_wconf 7' lang='grc' dir='ltr'>ρ</span> <span class='ocrx_word' id='word_1_3' title='bbox 103 482 263 556; x_wconf 87' lang='lat' dir='ltr'>eonsilium</span> <span class='ocrx_word' id='word_1_4' title='bbox 281 481 331 554; x_wconf 89' lang='lat' dir='ltr'>eis</span> <span class='ocrx_word' id='word_1_5' title='bbox 346 467 542 574; x_wconf 75' lang='lat' dir='ltr'>impendere,</span> <span class='ocrx_word' id='word_1_6' title='bbox 558 505 618 554; x_wconf 87' lang='lat' dir='ltr'>neo</span> <span class='ocrx_word' id='word_1_7' title='bbox 635 486 669 554; x_wconf 90' lang='lat' dir='ltr'>in</span> <span class='ocrx_word' id='word_1_8' title='bbox 686 486 797 573; x_wconf 85' lang='lat' dir='ltr'>aliquo</span> <span class='ocrx_word' id='word_1_9' title='bbox 813 485 1005 556; x_wconf 81' lang='lat' dir='ltr'>necessaria</span> <span class='ocrx_word' id='word_1_10' title='bbox 1022 485 1218 576; x_wconf 77' lang='lat' dir='ltr'>ministrare,</span> <span class='ocrx_word' id='word_1_11' title='bbox 1341 493 1343 496; x_wconf 80' lang='grc'><strong>’</strong></span> 
     </span>
     <span class='ocr_line' id='line_1_3' title="bbox 21 592 1217 700; baseline 0.008 -39"><span class='ocrx_word' id='word_1_12' title='bbox 21 669 22 700; x_wconf 48' lang='lat'>,</span> <span class='ocrx_word' id='word_1_13' title='bbox 101 614 155 661; x_wconf 87' lang='lat' dir='ltr'>neo</span> <span class='ocrx_word' id='word_1_14' title='bbox 181 592 306 679; x_wconf 83' lang='lat' dir='ltr'>aliquid</span> <span class='ocrx_word' id='word_1_15' title='bbox 321 594 437 664; x_wconf 88' lang='lat' dir='ltr'>borum</span> <span class='ocrx_word' id='word_1_16' title='bbox 468 616 526 684; x_wconf 88' lang='lat' dir='ltr'>per</span> <span class='ocrx_word' id='word_1_17' title='bbox 542 596 645 664; x_wconf 89' lang='lat' dir='ltr'>ullum</span> <span class='ocrx_word' id='word_1_18' title='bbox 678 595 847 682; x_wconf 76' lang='lat' dir='ltr'>ingenium</span> <span class='ocrx_word' id='word_1_19' title='bbox 864 595 932 668; x_wconf 85' lang='lat' dir='ltr'>dori</span> <span class='ocrx_word' id='word_1_20' title='bbox 949 596 1068 668; x_wconf 77' lang='lat' dir='ltr'>faeere.</span> <span class='ocrx_word' id='word_1_21' title='bbox 1098 596 1217 670; x_wconf 85' lang='lat' dir='ltr'>Omnia</span> 
     </span>
    </p>
   </div>
   <div class='ocr_carea' id='block_1_3' title="bbox 21 703 1351 793">
    <p class='ocr_par' dir='ltr' id='par_1_3' title="bbox 21 703 1351 793">
     <span class='ocr_line' id='line_1_4' title="bbox 21 703 1351 793; baseline 0.005 -23"><span class='ocrx_word' id='word_1_22' title='bbox 21 705 23 722; x_wconf 76' lang='lat'>¹</span> <span class='ocrx_word' id='word_1_23' title='bbox 102 716 201 774; x_wconf 84' lang='lat' dir='ltr'>sutem</span> <span class='ocrx_word' id='word_1_24' title='bbox 218 705 341 770; x_wconf 85' lang='lat' dir='ltr'>statuta</span> <span class='ocrx_word' id='word_1_25' title='bbox 357 723 490 773; x_wconf 79' lang='lat' dir='ltr'>servaro</span> <span class='ocrx_word' id='word_1_26' title='bbox 506 703 672 791; x_wconf 90' lang='lat' dir='ltr'>debemus,</span> <span class='ocrx_word' id='word_1_27' title='bbox 691 723 754 789; x_wconf 86' lang='lat' dir='ltr'>que</span> <span class='ocrx_word' id='word_1_28' title='bbox 769 725 829 793; x_wconf 93' lang='lat' dir='ltr'>pro</span> <span class='ocrx_word' id='word_1_29' title='bbox 844 711 936 790; x_wconf 86' lang='lat' dir='ltr'>parto</span> <span class='ocrx_word' id='word_1_30' title='bbox 951 713 1061 775; x_wconf 83' lang='lat' dir='ltr'>vestra</span> <span class='ocrx_word' id='word_1_31' title='bbox 1080 706 1214 776; x_wconf 84' lang='lat' dir='ltr'>mandu-</span> <span class='ocrx_word' id='word_1_32' title='bbox 1348 771 1351 776; x_wconf 91' lang='grc'><em>,</em></span> 
     </span>
    </p>
   </div>
   <div class='ocr_carea' id='block_1_4' title="bbox 21 810 1258 1334">
    <p class='ocr_par' dir='ltr' id='par_1_4' title="bbox 21 810 1258 1334">
     <span class='ocr_line' id='line_1_5' title="bbox 102 810 1217 904; baseline 0.005 -26"><span class='ocrx_word' id='word_1_33' title='bbox 102 811 202 880; x_wconf 80' lang='lat' dir='ltr'>seritis</span> <span class='ocrx_word' id='word_1_34' title='bbox 218 810 314 880; x_wconf 90' lang='lat' dir='ltr'>nobis</span> <span class='ocrx_word' id='word_1_35' title='bbox 338 811 502 880; x_wconf 76' lang='lat' dir='ltr'>servanda</span> <span class='ocrx_word' id='word_1_36' title='bbox 517 833 576 897; x_wconf 89' lang='lat' dir='ltr'>per</span> <span class='ocrx_word' id='word_1_37' title='bbox 591 813 747 880; x_wconf 85' lang='lat' dir='ltr'>maiorem</span> <span class='ocrx_word' id='word_1_38' title='bbox 778 821 906 904; x_wconf 88' lang='lat' dir='ltr'>partem</span> <span class='ocrx_word' id='word_1_39' title='bbox 923 815 1057 884; x_wconf 75' lang='lat' dir='ltr'>Consilii</span> <span class='ocrx_word' id='word_1_40' title='bbox 1088 835 1147 885; x_wconf 86' lang='lat' dir='ltr'>vos</span> <span class='ocrx_word' id='word_1_41' title='bbox 1163 815 1217 884; x_wconf 83' lang='lat' dir='ltr'>vel</span> 
     </span>
     <span class='ocr_line' id='line_1_6' title="bbox 21 919 1215 1010; baseline 0 -20"><span class='ocrx_word' id='word_1_42' title='bbox 21 991 22 996; x_wconf 68' lang='grc'>,</span> <span class='ocrx_word' id='word_1_43' title='bbox 101 938 295 990; x_wconf 82' lang='lat' dir='ltr'>sueeessores</span> <span class='ocrx_word' id='word_1_44' title='bbox 312 919 433 1010; x_wconf 72' lang='lat' dir='ltr'>vestri,</span> <span class='ocrx_word' id='word_1_45' title='bbox 464 941 536 988; x_wconf 88' lang='lat' dir='ltr'>enm</span> <span class='ocrx_word' id='word_1_46' title='bbox 551 927 678 989; x_wconf 84' lang='lat' dir='ltr'>statuta</span> <span class='ocrx_word' id='word_1_47' title='bbox 710 925 820 989; x_wconf 88' lang='lat' dir='ltr'>tomen</span> <span class='ocrx_word' id='word_1_48' title='bbox 838 923 952 990; x_wconf 81' lang='lat' dir='ltr'>endem</span> <span class='ocrx_word' id='word_1_49' title='bbox 968 943 1029 1010; x_wconf 88' lang='lat' dir='ltr'>por</span> <span class='ocrx_word' id='word_1_50' title='bbox 1061 925 1215 992; x_wconf 85' lang='lat' dir='ltr'>maiorem</span> 
     </span>
     <span class='ocr_line' id='line_1_7' title="bbox 21 1023 1221 1120; baseline 0.005 -26"><span class='ocrx_word' id='word_1_51' title='bbox 21 1023 23 1118; x_wconf 76' lang='lat' dir='ltr'>J</span> <span class='ocrx_word' id='word_1_52' title='bbox 103 1035 219 1116; x_wconf 85' lang='lat' dir='ltr'>partem</span> <span class='ocrx_word' id='word_1_53' title='bbox 241 1027 380 1096; x_wconf 84' lang='lat' dir='ltr'>Consilii</span> <span class='ocrx_word' id='word_1_54' title='bbox 397 1028 495 1096; x_wconf 88' lang='lat' dir='ltr'>oertis</span> <span class='ocrx_word' id='word_1_55' title='bbox 518 1027 735 1097; x_wconf 80' lang='lat' dir='ltr'>Gemitutibns</span> <span class='ocrx_word' id='word_1_56' title='bbox 766 1029 885 1100; x_wconf 88' lang='lat' dir='ltr'>vestris</span> <span class='ocrx_word' id='word_1_57' title='bbox 900 1029 1061 1120; x_wconf 78' lang='lat' dir='ltr'>laniendo,</span> <span class='ocrx_word' id='word_1_58' title='bbox 1077 1051 1139 1118; x_wconf 87' lang='lat' dir='ltr'>pro</span> <span class='ocrx_word' id='word_1_59' title='bbox 1158 1051 1221 1100; x_wconf 86' lang='lat' dir='ltr'>sna</span> 
     </span>
     <span class='ocr_line' id='line_1_8' title="bbox 21 1125 1258 1226; baseline 0.004 -25"><span class='ocrx_word' id='word_1_60' title='bbox 21 1125 22 1142; x_wconf 61' lang='lat'><em>³</em></span> <span class='ocrx_word' id='word_1_61' title='bbox 88 1155 154 1208; x_wconf 61' lang='lat' dir='ltr'>,ros</span> <span class='ocrx_word' id='word_1_62' title='bbox 168 1140 257 1219; x_wconf 79' lang='lat' dir='ltr'>parte</span> <span class='ocrx_word' id='word_1_63' title='bbox 276 1134 443 1224; x_wconf 85' lang='lat' dir='ltr'>dederitis,</span> <span class='ocrx_word' id='word_1_64' title='bbox 460 1136 515 1204; x_wconf 86' lang='lat' dir='ltr'>vel</span> <span class='ocrx_word' id='word_1_65' title='bbox 531 1155 735 1206; x_wconf 86' lang='lat' dir='ltr'>suooessores</span> <span class='ocrx_word' id='word_1_66' title='bbox 760 1139 869 1204; x_wconf 86' lang='lat' dir='ltr'>rostri.</span> <span class='ocrx_word' id='word_1_67' title='bbox 888 1138 1051 1207; x_wconf 86' lang='lat' dir='ltr'>Debemus</span> <span class='ocrx_word' id='word_1_68' title='bbox 1073 1159 1216 1226; x_wconf 87' lang='lat' dir='ltr'>namque</span> <span class='ocrx_word' id='word_1_69' title='bbox 1252 1197 1258 1206; x_wconf 87' lang='lat'><em>.</em></span> 
     </span>
     <span class='ocr_line' id='line_1_9' title="bbox 21 1242 1215 1334; baseline 0.006 -25"><span class='ocrx_word' id='word_1_70' title='bbox 21 1295 22 1298; x_wconf 63' lang='lat'>,</span> <span class='ocrx_word' id='word_1_71' title='bbox 101 1262 152 1330; x_wconf 92' lang='lat' dir='ltr'>pro</span> <span class='ocrx_word' id='word_1_72' title='bbox 166 1242 327 1311; x_wconf 79' lang='lat' dir='ltr'>eonium</span> <span class='ocrx_word' id='word_1_73' title='bbox 356 1264 458 1332; x_wconf 90' lang='lat' dir='ltr'>supra</span> <span class='ocrx_word' id='word_1_74' title='bbox 473 1244 598 1331; x_wconf 87' lang='lat' dir='ltr'>seripto</span> <span class='ocrx_word' id='word_1_75' title='bbox 614 1251 647 1311; x_wconf 88' lang='lat' dir='ltr'>et</span> <span class='ocrx_word' id='word_1_76' title='bbox 663 1243 782 1313; x_wconf 88' lang='lat' dir='ltr'>insulis</span> <span class='ocrx_word' id='word_1_77' title='bbox 797 1245 888 1314; x_wconf 79' lang='lat' dir='ltr'>vobis</span> <span class='ocrx_word' id='word_1_78' title='bbox 904 1253 936 1314; x_wconf 90' lang='lat' dir='ltr'>et</span> <span class='ocrx_word' id='word_1_79' title='bbox 965 1266 1064 1334; x_wconf 85' lang='lat' dir='ltr'>supra</span> <span class='ocrx_word' id='word_1_80' title='bbox 1093 1249 1215 1334; x_wconf 86' lang='lat' dir='ltr'>seripto</span> 
     </span>
    </p>
   </div>
   <div class='ocr_carea' id='block_1_5' title="bbox 21 1350 1219 1424">
    <p class='ocr_par' dir='ltr' id='par_1_5' title="bbox 21 1350 1219 1424">
     <span class='ocr_line' id='line_1_10' title="bbox 21 1350 1219 1424; baseline 0.002 -2"><span class='ocrx_word' id='word_1_81' title='bbox 21 1379 23 1422; x_wconf 50' lang='lat' dir='ltr'>u</span> <span class='ocrx_word' id='word_1_82' title='bbox 101 1350 254 1419; x_wconf 77' lang='lat' dir='ltr'>conmuni</span> <span class='ocrx_word' id='word_1_83' title='bbox 269 1357 382 1421; x_wconf 82' lang='lat' dir='ltr'>vestro</span> <span class='ocrx_word' id='word_1_84' title='bbox 397 1353 524 1421; x_wconf 82' lang='lat' dir='ltr'>solvere</span> <span class='ocrx_word' id='word_1_85' title='bbox 540 1353 708 1422; x_wconf 75' lang='lat' dir='ltr'>annuatim</span> <span class='ocrx_word' id='word_1_86' title='bbox 724 1354 826 1424; x_wconf 86' lang='lat' dir='ltr'>libras</span> <span class='ocrx_word' id='word_1_87' title='bbox 851 1353 1055 1424; x_wconf 88' lang='lat' dir='ltr'>denariorum</span> <span class='ocrx_word' id='word_1_88' title='bbox 1082 1353 1219 1424; x_wconf 85' lang='lat' dir='ltr'>Venetia</span> 
     </span>
    </p>
   </div>
   <div class='ocr_carea' id='block_1_6' title="bbox 21 1460 1254 4698">
    <p class='ocr_par' dir='ltr' id='par_1_6' title="bbox 21 1460 1254 4698">
     <span class='ocr_line' id='line_1_11' title="bbox 104 1460 1217 1548; baseline 0.002 -19.861"><span class='ocrx_word' id='word_1_89' title='bbox 104 1460 330 1546; x_wconf 79' lang='lat' dir='ltr'>quadragintae</span> <span class='ocrx_word' id='word_1_90' title='bbox 361 1460 396 1528; x_wconf 93' lang='lat' dir='ltr'>in</span> <span class='ocrx_word' id='word_1_91' title='bbox 426 1467 515 1528; x_wconf 85' lang='lat' dir='ltr'>terre</span> <span class='ocrx_word' id='word_1_92' title='bbox 540 1461 663 1548; x_wconf 81' lang='lat' dir='ltr'>salvae,</span> <span class='ocrx_word' id='word_1_93' title='bbox 681 1462 770 1530; x_wconf 91' lang='lat' dir='ltr'>omni</span> <span class='ocrx_word' id='word_1_94' title='bbox 795 1463 981 1532; x_wconf 84' lang='lat' dir='ltr'>eonditione</span> <span class='ocrx_word' id='word_1_95' title='bbox 996 1470 1029 1530; x_wconf 89' lang='lat' dir='ltr'>et</span> <span class='ocrx_word' id='word_1_96' title='bbox 1045 1465 1217 1531; x_wconf 87' lang='lat' dir='ltr'>oeoasiona</span> 
     </span>
     <span class='ocr_line' id='line_1_12' title="bbox 21 1567 1214 1656; baseline 0.001 -20"><span class='ocrx_word' id='word_1_97' title='bbox 21 1583 23 1626; x_wconf 70' lang='lat'><em>⁷</em></span> <span class='ocrx_word' id='word_1_98' title='bbox 103 1573 231 1653; x_wconf 75' lang='lat' dir='ltr'>remota,</span> <span class='ocrx_word' id='word_1_99' title='bbox 247 1567 407 1638; x_wconf 80' lang='lat' dir='ltr'>ducentas</span> <span class='ocrx_word' id='word_1_100' title='bbox 424 1567 459 1635; x_wconf 94' lang='lat' dir='ltr'>in</span> <span class='ocrx_word' id='word_1_101' title='bbox 475 1569 667 1637; x_wconf 78' lang='lat' dir='ltr'>Sanctorum</span> <span class='ocrx_word' id='word_1_102' title='bbox 678 1568 906 1654; x_wconf 77' lang='lat' dir='ltr'>Apostolorum</span> <span class='ocrx_word' id='word_1_103' title='bbox 917 1570 1002 1638; x_wconf 84' lang='lat' dir='ltr'>Petri</span> <span class='ocrx_word' id='word_1_104' title='bbox 1013 1577 1045 1638; x_wconf 90' lang='lat' dir='ltr'>et</span> <span class='ocrx_word' id='word_1_105' title='bbox 1059 1569 1163 1656; x_wconf 86' lang='lat' dir='ltr'>Pauli,</span> <span class='ocrx_word' id='word_1_106' title='bbox 1180 1577 1214 1638; x_wconf 89' lang='lat' dir='ltr'>et</span> 
     </span>
     <span class='ocr_line' id='line_1_13' title="bbox 21 1659 1254 1760; baseline 0.002 -16"><span class='ocrx_word' id='word_1_107' title='bbox 21 1663 24 1734; x_wconf 62' lang='grc' dir='ltr'>ὲ</span> <span class='ocrx_word' id='word_1_108' title='bbox 102 1677 179 1744; x_wconf 86' lang='lat' dir='ltr'>alias</span> <span class='ocrx_word' id='word_1_109' title='bbox 193 1659 352 1744; x_wconf 80' lang='lat' dir='ltr'>dueentas</span> <span class='ocrx_word' id='word_1_110' title='bbox 366 1676 401 1744; x_wconf 89' lang='lat' dir='ltr'>in</span> <span class='ocrx_word' id='word_1_111' title='bbox 416 1675 541 1746; x_wconf 83' lang='lat' dir='ltr'>oetavis</span> <span class='ocrx_word' id='word_1_112' title='bbox 557 1677 750 1747; x_wconf 72' lang='lat' dir='ltr'>Natiuitatis</span> <span class='ocrx_word' id='word_1_113' title='bbox 764 1678 945 1748; x_wconf 84' lang='lat' dir='ltr'>Dominiee.</span> <span class='ocrx_word' id='word_1_114' title='bbox 957 1679 1028 1760; x_wconf 80' lang='lat' dir='ltr'>Quo</span> <span class='ocrx_word' id='word_1_115' title='bbox 1044 1677 1154 1746; x_wconf 87' lang='lat' dir='ltr'>omnia</span> <span class='ocrx_word' id='word_1_116' title='bbox 1168 1699 1219 1747; x_wconf 88' lang='lat' dir='ltr'>su·</span> <span class='ocrx_word' id='word_1_117' title='bbox 1249 1705 1254 1718; x_wconf 86' lang='lat'><em>·</em></span> 
     </span>
     <span class='ocr_line' id='line_1_14' title="bbox 21 1775 1219 1878; baseline 0.001 -25"><span class='ocrx_word' id='word_1_118' title='bbox 21 1775 33 1878; x_wconf 64' lang='grc' dir='ltr'>ξ’</span> <span class='ocrx_word' id='word_1_119' title='bbox 102 1787 270 1874; x_wconf 76' lang='lat' dir='ltr'>prescripta</span> <span class='ocrx_word' id='word_1_120' title='bbox 285 1807 349 1872; x_wconf 80' lang='lat' dir='ltr'>ego</span> <span class='ocrx_word' id='word_1_121' title='bbox 364 1785 609 1873; x_wconf 73' lang='lat' dir='ltr'>suprascriptus</span> <span class='ocrx_word' id='word_1_122' title='bbox 623 1785 738 1854; x_wconf 86' lang='lat' dir='ltr'>Petrus</span> <span class='ocrx_word' id='word_1_123' title='bbox 754 1805 825 1855; x_wconf 87' lang='lat' dir='ltr'>enm</span> <span class='ocrx_word' id='word_1_124' title='bbox 842 1786 1007 1856; x_wconf 74' lang='lat' dir='ltr'>districtus</span> <span class='ocrx_word' id='word_1_125' title='bbox 1023 1806 1084 1874; x_wconf 90' lang='lat' dir='ltr'>per</span> <span class='ocrx_word' id='word_1_126' title='bbox 1109 1805 1219 1854; x_wconf 84' lang='lat' dir='ltr'>saera·</span> 
     </span>
     <span class='ocr_line' id='line_1_15' title="bbox 21 1892 1215 1983; baseline -0.005 -15"><span class='ocrx_word' id='word_1_127' title='bbox 21 1935 23 1968; x_wconf 71' lang='lat'>÷</span> <span class='ocrx_word' id='word_1_128' title='bbox 102 1901 232 1964; x_wconf 84' lang='lat' dir='ltr'>mentum</span> <span class='ocrx_word' id='word_1_129' title='bbox 248 1913 384 1962; x_wconf 83' lang='lat' dir='ltr'>serrare</span> <span class='ocrx_word' id='word_1_130' title='bbox 400 1912 502 1979; x_wconf 86' lang='lat' dir='ltr'>usque</span> <span class='ocrx_word' id='word_1_131' title='bbox 517 1892 561 1962; x_wconf 85' lang='lat' dir='ltr'>nd</span> <span class='ocrx_word' id='word_1_132' title='bbox 577 1914 704 1962; x_wconf 89' lang='lat' dir='ltr'>menses</span> <span class='ocrx_word' id='word_1_133' title='bbox 735 1901 884 1982; x_wconf 87' lang='lat' dir='ltr'>qnatnor,</span> <span class='ocrx_word' id='word_1_134' title='bbox 901 1901 1075 1983; x_wconf 84' lang='lat' dir='ltr'>postqnam</span> <span class='ocrx_word' id='word_1_135' title='bbox 1102 1913 1215 1979; x_wconf 85' lang='lat' dir='ltr'>supra·</span> 
     </span>
     <span class='ocr_line' id='line_1_16' title="bbox 103 2001 1218 2089; baseline 0.003 -20"><span class='ocrx_word' id='word_1_136' title='bbox 103 2005 228 2089; x_wconf 78' lang='lat' dir='ltr'>scriptus</span> <span class='ocrx_word' id='word_1_137' title='bbox 243 2005 403 2071; x_wconf 83' lang='lat' dir='ltr'>Robortus</span> <span class='ocrx_word' id='word_1_138' title='bbox 414 2005 618 2071; x_wconf 85' lang='lat' dir='ltr'>iratermens</span> <span class='ocrx_word' id='word_1_139' title='bbox 628 2001 661 2068; x_wconf 93' lang='lat' dir='ltr'>in</span> <span class='ocrx_word' id='word_1_140' title='bbox 672 2002 849 2072; x_wconf 75' lang='lat' dir='ltr'>Solemnia</span> <span class='ocrx_word' id='word_1_141' title='bbox 865 2002 992 2071; x_wconf 83' lang='lat' dir='ltr'>venerit</span> <span class='ocrx_word' id='word_1_142' title='bbox 1002 2002 1055 2072; x_wconf 83' lang='lat' dir='ltr'>vel</span> <span class='ocrx_word' id='word_1_143' title='bbox 1065 2003 1099 2070; x_wconf 95' lang='lat' dir='ltr'>in</span> <span class='ocrx_word' id='word_1_144' title='bbox 1114 2001 1218 2072; x_wconf 88' lang='lat' dir='ltr'>Vene·</span> 
     </span>
     <span class='ocr_line' id='line_1_17' title="bbox 105 2109 1216 2198; baseline 0.001 -20"><span class='ocrx_word' id='word_1_145' title='bbox 105 2111 145 2178; x_wconf 89' lang='lat' dir='ltr'>tia</span> <span class='ocrx_word' id='word_1_146' title='bbox 159 2111 239 2179; x_wconf 83' lang='lat' dir='ltr'>inira</span> <span class='ocrx_word' id='word_1_147' title='bbox 269 2119 338 2179; x_wconf 84' lang='lat' dir='ltr'>tros</span> <span class='ocrx_word' id='word_1_148' title='bbox 355 2130 484 2178; x_wconf 83' lang='lat' dir='ltr'>menses</span> <span class='ocrx_word' id='word_1_149' title='bbox 501 2110 542 2178; x_wconf 89' lang='lat' dir='ltr'>do</span> <span class='ocrx_word' id='word_1_150' title='bbox 559 2111 719 2198; x_wconf 80' lang='lat' dir='ltr'>custodie,</span> <span class='ocrx_word' id='word_1_151' title='bbox 751 2132 816 2198; x_wconf 85' lang='lat' dir='ltr'>qua</span> <span class='ocrx_word' id='word_1_152' title='bbox 832 2117 981 2198; x_wconf 78' lang='lat' dir='ltr'>tenetu13</span> <span class='ocrx_word' id='word_1_153' title='bbox 1015 2109 1102 2179; x_wconf 82' lang='lat' dir='ltr'>infra</span> <span class='ocrx_word' id='word_1_154' title='bbox 1127 2110 1216 2196; x_wconf 88' lang='lat' dir='ltr'>quod</span> 
     </span>
     <span class='ocr_line' id='line_1_18' title="bbox 104 2218 1219 2306; baseline 0.002 -21"><span class='ocrx_word' id='word_1_155' title='bbox 104 2219 232 2306; x_wconf 86' lang='lat' dir='ltr'>spatium</span> <span class='ocrx_word' id='word_1_156' title='bbox 263 2239 323 2306; x_wconf 87' lang='lat' dir='ltr'>per</span> <span class='ocrx_word' id='word_1_157' title='bbox 339 2227 478 2302; x_wconf 87' lang='lat' dir='ltr'>quatuor</span> <span class='ocrx_word' id='word_1_158' title='bbox 508 2218 668 2287; x_wconf 88' lang='lat' dir='ltr'>mensium</span> <span class='ocrx_word' id='word_1_159' title='bbox 686 2219 720 2287; x_wconf 94' lang='lat' dir='ltr'>in</span> <span class='ocrx_word' id='word_1_160' title='bbox 751 2219 938 2305; x_wconf 86' lang='lat' dir='ltr'>Solaronia,</span> <span class='ocrx_word' id='word_1_161' title='bbox 970 2220 1025 2288; x_wconf 87' lang='lat' dir='ltr'>vol</span> <span class='ocrx_word' id='word_1_162' title='bbox 1041 2227 1168 2290; x_wconf 85' lang='lat' dir='ltr'>tanturn</span> <span class='ocrx_word' id='word_1_163' title='bbox 1184 2222 1219 2287; x_wconf 88' lang='lat' dir='ltr'>in</span> 
     </span>
     <span class='ocr_line' id='line_1_19' title="bbox 107 2327 1220 2416; baseline 0.004 -23"><span class='ocrx_word' id='word_1_164' title='bbox 107 2327 231 2395; x_wconf 86' lang='lat' dir='ltr'>Venetia</span> <span class='ocrx_word' id='word_1_165' title='bbox 252 2328 304 2396; x_wconf 88' lang='lat' dir='ltr'>sni</span> <span class='ocrx_word' id='word_1_166' title='bbox 320 2327 493 2397; x_wconf 85' lang='lat' dir='ltr'>adventus.</span> <span class='ocrx_word' id='word_1_167' title='bbox 517 2328 552 2396; x_wconf 87' lang='lat' dir='ltr'>Si</span> <span class='ocrx_word' id='word_1_168' title='bbox 570 2329 603 2395; x_wconf 91' lang='lat' dir='ltr'>in</span> <span class='ocrx_word' id='word_1_169' title='bbox 627 2348 699 2395; x_wconf 89' lang='lat' dir='ltr'>eum</span> <span class='ocrx_word' id='word_1_170' title='bbox 724 2327 856 2396; x_wconf 90' lang='lat' dir='ltr'>modum</span> <span class='ocrx_word' id='word_1_171' title='bbox 879 2329 959 2416; x_wconf 88' lang='lat' dir='ltr'>ipso,</span> <span class='ocrx_word' id='word_1_172' title='bbox 977 2349 1041 2414; x_wconf 89' lang='lat' dir='ltr'>qno</span> <span class='ocrx_word' id='word_1_173' title='bbox 1065 2349 1126 2414; x_wconf 83' lang='lat' dir='ltr'>ego</span> <span class='ocrx_word' id='word_1_174' title='bbox 1149 2349 1220 2399; x_wconf 89' lang='lat' dir='ltr'>sum</span> 
     </span>
     <span class='ocr_line' id='line_1_20' title="bbox 105 2435 1219 2525; baseline 0.004 -23"><span class='ocrx_word' id='word_1_175' title='bbox 105 2435 184 2506; x_wconf 84' lang='lat' dir='ltr'>robis</span> <span class='ocrx_word' id='word_1_176' title='bbox 193 2444 367 2522; x_wconf 80' lang='lat' dir='ltr'>vestroquo</span> <span class='ocrx_word' id='word_1_177' title='bbox 379 2435 547 2505; x_wconf 83' lang='lat' dir='ltr'>Communi</span> <span class='ocrx_word' id='word_1_178' title='bbox 558 2456 617 2522; x_wconf 91' lang='lat' dir='ltr'>per</span> <span class='ocrx_word' id='word_1_179' title='bbox 626 2435 840 2504; x_wconf 88' lang='lat' dir='ltr'>iuramentum</span> <span class='ocrx_word' id='word_1_180' title='bbox 853 2443 885 2505; x_wconf 89' lang='lat' dir='ltr'>et</span> <span class='ocrx_word' id='word_1_181' title='bbox 895 2435 1120 2522; x_wconf 87' lang='lat' dir='ltr'>promissionis</span> <span class='ocrx_word' id='word_1_182' title='bbox 1131 2439 1219 2525; x_wconf 87' lang='lat' dir='ltr'>eapi-</span> 
     </span>
     <span class='ocr_line' id='line_1_21' title="bbox 108 2542 1220 2634; baseline 0.005 -25"><span class='ocrx_word' id='word_1_183' title='bbox 108 2545 197 2614; x_wconf 86' lang='lat' dir='ltr'>tulare</span> <span class='ocrx_word' id='word_1_184' title='bbox 214 2545 394 2633; x_wconf 79' lang='lat' dir='ltr'>obligatus,</span> <span class='ocrx_word' id='word_1_185' title='bbox 413 2563 450 2612; x_wconf 90' lang='lat' dir='ltr'>se</span> <span class='ocrx_word' id='word_1_186' title='bbox 466 2543 673 2630; x_wconf 77' lang='lat' dir='ltr'>obligaverit,</span> <span class='ocrx_word' id='word_1_187' title='bbox 690 2549 722 2612; x_wconf 90' lang='lat' dir='ltr'>et</span> <span class='ocrx_word' id='word_1_188' title='bbox 735 2543 918 2613; x_wconf 85' lang='lat' dir='ltr'>iuramento</span> <span class='ocrx_word' id='word_1_189' title='bbox 934 2542 1132 2634; x_wconf 80' lang='lat' dir='ltr'>astrinxerit,</span> <span class='ocrx_word' id='word_1_190' title='bbox 1147 2547 1220 2631; x_wconf 86' lang='lat' dir='ltr'>ipso</span> 
     </span>
     <span class='ocr_line' id='line_1_22' title="bbox 107 2650 1219 2740; baseline 0.002 -20"><span class='ocrx_word' id='word_1_191' title='bbox 107 2673 225 2740; x_wconf 82' lang='lat' dir='ltr'>nouum,</span> <span class='ocrx_word' id='word_1_192' title='bbox 242 2660 274 2722; x_wconf 89' lang='lat' dir='ltr'>et</span> <span class='ocrx_word' id='word_1_193' title='bbox 291 2673 365 2720; x_wconf 87' lang='lat' dir='ltr'>oum</span> <span class='ocrx_word' id='word_1_194' title='bbox 381 2652 457 2721; x_wconf 89' lang='lat' dir='ltr'>aliis</span> <span class='ocrx_word' id='word_1_195' title='bbox 473 2671 572 2740; x_wconf 88' lang='lat' dir='ltr'>supra</span> <span class='ocrx_word' id='word_1_196' title='bbox 597 2652 726 2738; x_wconf 89' lang='lat' dir='ltr'>scriptis</span> <span class='ocrx_word' id='word_1_197' title='bbox 743 2653 810 2722; x_wconf 84' lang='lat' dir='ltr'>suis</span> <span class='ocrx_word' id='word_1_198' title='bbox 827 2659 861 2720; x_wconf 89' lang='lat' dir='ltr'>et</span> <span class='ocrx_word' id='word_1_199' title='bbox 876 2650 958 2720; x_wconf 88' lang='lat' dir='ltr'>meis</span> <span class='ocrx_word' id='word_1_200' title='bbox 989 2651 1141 2724; x_wconf 84' lang='lat' dir='ltr'>fratribus</span> <span class='ocrx_word' id='word_1_201' title='bbox 1158 2653 1219 2722; x_wconf 81' lang='lat' dir='ltr'>iio·</span> 
     </span>
     <span class='ocr_line' id='line_1_23' title="bbox 105 2761 1219 2851; baseline 0.001 -23"><span class='ocrx_word' id='word_1_202' title='bbox 105 2782 246 2832; x_wconf 74' lang='lat' dir='ltr'>neeesse</span> <span class='ocrx_word' id='word_1_203' title='bbox 262 2762 374 2851; x_wconf 86' lang='lat' dir='ltr'>debet,</span> <span class='ocrx_word' id='word_1_204' title='bbox 384 2770 419 2830; x_wconf 89' lang='lat' dir='ltr'>et</span> <span class='ocrx_word' id='word_1_205' title='bbox 428 2761 587 2849; x_wconf 85' lang='lat' dir='ltr'>equaliter</span> <span class='ocrx_word' id='word_1_206' title='bbox 602 2780 727 2829; x_wconf 85' lang='lat' dir='ltr'>meeum</span> <span class='ocrx_word' id='word_1_207' title='bbox 743 2780 846 2850; x_wconf 87' lang='lat' dir='ltr'>supra</span> <span class='ocrx_word' id='word_1_208' title='bbox 861 2762 988 2847; x_wconf 87' lang='lat' dir='ltr'>seripta</span> <span class='ocrx_word' id='word_1_209' title='bbox 1004 2762 1115 2831; x_wconf 87' lang='lat' dir='ltr'>omnia</span> <span class='ocrx_word' id='word_1_210' title='bbox 1131 2770 1219 2831; x_wconf 85' lang='lat' dir='ltr'>tene·</span> 
     </span>
     <span class='ocr_line' id='line_1_24' title="bbox 109 2870 1215 2959; baseline -0.005 -17"><span class='ocrx_word' id='word_1_211' title='bbox 109 2873 183 2942; x_wconf 86' lang='lat' dir='ltr'>bitur</span> <span class='ocrx_word' id='word_1_212' title='bbox 195 2877 370 2944; x_wconf 87' lang='lat' dir='ltr'>observare</span> <span class='ocrx_word' id='word_1_213' title='bbox 401 2891 504 2958; x_wconf 86' lang='lat' dir='ltr'>nsque</span> <span class='ocrx_word' id='word_1_214' title='bbox 520 2871 564 2939; x_wconf 89' lang='lat' dir='ltr'>ad</span> <span class='ocrx_word' id='word_1_215' title='bbox 580 2891 709 2941; x_wconf 88' lang='lat' dir='ltr'>menses</span> <span class='ocrx_word' id='word_1_216' title='bbox 725 2877 802 2959; x_wconf 89' lang='lat' dir='ltr'>tres,</span> <span class='ocrx_word' id='word_1_217' title='bbox 818 2892 859 2940; x_wconf 83' lang='lat' dir='ltr'>ex</span> <span class='ocrx_word' id='word_1_218' title='bbox 876 2891 940 2956; x_wconf 91' lang='lat' dir='ltr'>quo</span> <span class='ocrx_word' id='word_1_219' title='bbox 957 2890 1058 2959; x_wconf 90' lang='lat' dir='ltr'>supra</span> <span class='ocrx_word' id='word_1_220' title='bbox 1074 2870 1215 2956; x_wconf 89' lang='lat' dir='ltr'>seriplus</span> 
     </span>
     <span class='ocr_line' id='line_1_25' title="bbox 107 2977 1216 3068; baseline -0.002 -22"><span class='ocrx_word' id='word_1_221' title='bbox 107 2978 233 3050; x_wconf 83' lang='lat' dir='ltr'>loannes</span> <span class='ocrx_word' id='word_1_222' title='bbox 249 2981 353 3050; x_wconf 79' lang='lat' dir='ltr'>frater</span> <span class='ocrx_word' id='word_1_223' title='bbox 369 2987 479 3050; x_wconf 87' lang='lat' dir='ltr'>noster</span> <span class='ocrx_word' id='word_1_224' title='bbox 501 2982 592 3068; x_wconf 88' lang='lat' dir='ltr'>prius</span> <span class='ocrx_word' id='word_1_225' title='bbox 609 2980 739 3050; x_wconf 87' lang='lat' dir='ltr'>venerit</span> <span class='ocrx_word' id='word_1_226' title='bbox 753 2979 796 3058; x_wconf 84' lang='lat' dir='ltr'>ad</span> <span class='ocrx_word' id='word_1_227' title='bbox 812 2985 942 3049; x_wconf 86' lang='lat' dir='ltr'>etatem.</span> <span class='ocrx_word' id='word_1_228' title='bbox 973 2977 1066 3059; x_wconf 81' lang='lat' dir='ltr'>Quod</span> <span class='ocrx_word' id='word_1_229' title='bbox 1082 2979 1112 3046; x_wconf 88' lang='lat' dir='ltr'>si</span> <span class='ocrx_word' id='word_1_230' title='bbox 1129 2977 1216 3046; x_wconf 86' lang='lat' dir='ltr'>inira</span> 
     </span>
     <span class='ocr_line' id='line_1_26' title="bbox 110 3085 1218 3174; baseline 0.001 -23"><span class='ocrx_word' id='word_1_231' title='bbox 110 3087 214 3157; x_wconf 84' lang='lat' dir='ltr'>dietum</span> <span class='ocrx_word' id='word_1_232' title='bbox 230 3089 405 3156; x_wconf 88' lang='lat' dir='ltr'>terminum</span> <span class='ocrx_word' id='word_1_233' title='bbox 421 3088 518 3157; x_wconf 87' lang='lat' dir='ltr'>trium</span> <span class='ocrx_word' id='word_1_234' title='bbox 534 3091 692 3157; x_wconf 83' lang='lat' dir='ltr'>mensium</span> <span class='ocrx_word' id='word_1_235' title='bbox 709 3107 747 3156; x_wconf 91' lang='lat' dir='ltr'>eo</span> <span class='ocrx_word' id='word_1_236' title='bbox 763 3086 867 3174; x_wconf 91' lang='lat' dir='ltr'>modo,</span> <span class='ocrx_word' id='word_1_237' title='bbox 879 3106 943 3171; x_wconf 87' lang='lat' dir='ltr'>quo</span> <span class='ocrx_word' id='word_1_238' title='bbox 959 3107 1030 3154; x_wconf 92' lang='lat' dir='ltr'>sum</span> <span class='ocrx_word' id='word_1_239' title='bbox 1048 3106 1109 3170; x_wconf 80' lang='lat' dir='ltr'>ego</span> <span class='ocrx_word' id='word_1_240' title='bbox 1125 3085 1218 3154; x_wconf 80' lang='lat' dir='ltr'>robis</span> 
     </span>
     <span class='ocr_line' id='line_1_27' title="bbox 21 3192 1217 3283; baseline -0.001 -21"><span class='ocrx_word' id='word_1_241' title='bbox 21 3225 22 3230; x_wconf 39' lang='lat'>¹</span> <span class='ocrx_word' id='word_1_242' title='bbox 107 3204 260 3283; x_wconf 82' lang='lat' dir='ltr'>rmtroquo</span> <span class='ocrx_word' id='word_1_243' title='bbox 286 3197 455 3266; x_wconf 78' lang='lat' dir='ltr'>Communi</span> <span class='ocrx_word' id='word_1_244' title='bbox 494 3216 553 3283; x_wconf 91' lang='lat' dir='ltr'>per</span> <span class='ocrx_word' id='word_1_245' title='bbox 591 3198 810 3266; x_wconf 86' lang='lat' dir='ltr'>iuramentum</span> <span class='ocrx_word' id='word_1_246' title='bbox 836 3203 869 3263; x_wconf 84' lang='lat' dir='ltr'>et</span> <span class='ocrx_word' id='word_1_247' title='bbox 894 3192 1119 3282; x_wconf 82' lang='lat' dir='ltr'>promissionis</span> <span class='ocrx_word' id='word_1_248' title='bbox 1150 3214 1217 3262; x_wconf 87' lang='lat' dir='ltr'>enr-</span> 
     </span>
     <span class='ocr_line' id='line_1_28' title="bbox 109 3301 1221 3391; baseline 0.004 -24"><span class='ocrx_word' id='word_1_249' title='bbox 109 3308 164 3369; x_wconf 84' lang='lat' dir='ltr'>tarn</span> <span class='ocrx_word' id='word_1_250' title='bbox 200 3304 390 3391; x_wconf 80' lang='lat' dir='ltr'>obligatus,</span> <span class='ocrx_word' id='word_1_251' title='bbox 447 3325 483 3374; x_wconf 92' lang='lat' dir='ltr'>se</span> <span class='ocrx_word' id='word_1_252' title='bbox 521 3303 714 3389; x_wconf 83' lang='lat' dir='ltr'>obligaverit</span> <span class='ocrx_word' id='word_1_253' title='bbox 753 3311 785 3372; x_wconf 88' lang='lat' dir='ltr'>et</span> <span class='ocrx_word' id='word_1_254' title='bbox 833 3301 1012 3370; x_wconf 86' lang='lat' dir='ltr'>iuramento</span> <span class='ocrx_word' id='word_1_255' title='bbox 1059 3302 1221 3371; x_wconf 87' lang='lat' dir='ltr'>astrinxe-</span> 
     </span>
     <span class='ocr_line' id='line_1_29' title="bbox 110 3410 1218 3498; baseline 0.002 -22"><span class='ocrx_word' id='word_1_256' title='bbox 110 3411 153 3497; x_wconf 90' lang='lat' dir='ltr'>rit,</span> <span class='ocrx_word' id='word_1_257' title='bbox 180 3410 246 3498; x_wconf 90' lang='lat' dir='ltr'>ipse</span> <span class='ocrx_word' id='word_1_258' title='bbox 278 3410 375 3480; x_wconf 90' lang='lat' dir='ltr'>modo</span> <span class='ocrx_word' id='word_1_259' title='bbox 405 3412 508 3481; x_wconf 89' lang='lat' dir='ltr'>simili</span> <span class='ocrx_word' id='word_1_260' title='bbox 540 3413 709 3481; x_wconf 89' lang='lat' dir='ltr'>nobiseum</span> <span class='ocrx_word' id='word_1_261' title='bbox 725 3413 758 3478; x_wconf 92' lang='lat' dir='ltr'>in</span> <span class='ocrx_word' id='word_1_262' title='bbox 773 3411 923 3479; x_wconf 88' lang='lat' dir='ltr'>omnibus</span> <span class='ocrx_word' id='word_1_263' title='bbox 955 3411 1167 3479; x_wconf 86' lang='lat' dir='ltr'>eommuniter</span> <span class='ocrx_word' id='word_1_264' title='bbox 1184 3417 1218 3480; x_wconf 89' lang='lat' dir='ltr'>et</span> 
     </span>
     <span class='ocr_line' id='line_1_30' title="bbox 109 3519 1221 3608; baseline -0.001 -20"><span class='ocrx_word' id='word_1_265' title='bbox 109 3520 249 3604; x_wconf 84' lang='lat' dir='ltr'>equaliter</span> <span class='ocrx_word' id='word_1_266' title='bbox 273 3540 386 3589; x_wconf 89' lang='lat' dir='ltr'>eomes</span> <span class='ocrx_word' id='word_1_267' title='bbox 411 3541 483 3590; x_wconf 84' lang='lat' dir='ltr'>esse</span> <span class='ocrx_word' id='word_1_268' title='bbox 514 3521 623 3608; x_wconf 91' lang='lat' dir='ltr'>debet,</span> <span class='ocrx_word' id='word_1_269' title='bbox 640 3527 672 3588; x_wconf 91' lang='lat' dir='ltr'>et</span> <span class='ocrx_word' id='word_1_270' title='bbox 688 3519 857 3589; x_wconf 88' lang='lat' dir='ltr'>nobiseum</span> <span class='ocrx_word' id='word_1_271' title='bbox 872 3522 993 3603; x_wconf 87' lang='lat' dir='ltr'>omnia,</span> <span class='ocrx_word' id='word_1_272' title='bbox 1019 3541 1081 3606; x_wconf 90' lang='lat' dir='ltr'>que</span> <span class='ocrx_word' id='word_1_273' title='bbox 1098 3519 1221 3606; x_wconf 89' lang='lat' dir='ltr'>seripta</span> 
     </span>
     <span class='ocr_line' id='line_1_31' title="bbox 110 3628 1217 3720; baseline 0.001 -26"><span class='ocrx_word' id='word_1_274' title='bbox 110 3637 173 3695; x_wconf 87' lang='lat' dir='ltr'>snut</span> <span class='ocrx_word' id='word_1_275' title='bbox 186 3630 343 3720; x_wconf 88' lang='lat' dir='ltr'>superins,</span> <span class='ocrx_word' id='word_1_276' title='bbox 361 3631 486 3716; x_wconf 88' lang='lat' dir='ltr'>pariter</span> <span class='ocrx_word' id='word_1_277' title='bbox 517 3631 690 3698; x_wconf 82' lang='lat' dir='ltr'>observare</span> <span class='ocrx_word' id='word_1_278' title='bbox 706 3648 807 3712; x_wconf 87' lang='lat' dir='ltr'>usqne</span> <span class='ocrx_word' id='word_1_279' title='bbox 824 3628 867 3696; x_wconf 88' lang='lat' dir='ltr'>ad</span> <span class='ocrx_word' id='word_1_280' title='bbox 883 3649 1012 3696; x_wconf 86' lang='lat' dir='ltr'>menses</span> <span class='ocrx_word' id='word_1_281' title='bbox 1030 3637 1106 3716; x_wconf 84' lang='lat' dir='ltr'>tres,</span> <span class='ocrx_word' id='word_1_282' title='bbox 1129 3633 1217 3714; x_wconf 90' lang='lat' dir='ltr'>post·</span> 
     </span>
     <span class='ocr_line' id='line_1_32' title="bbox 75 3734 1218 3825; baseline 0 -23"><span class='ocrx_word' id='word_1_283' title='bbox 75 3748 87 3769; x_wconf 88' lang='lat'><strong><em>¹</em></strong></span> <span class='ocrx_word' id='word_1_284' title='bbox 112 3755 193 3818; x_wconf 84' lang='lat' dir='ltr'>quum</span> <span class='ocrx_word' id='word_1_285' title='bbox 209 3758 311 3825; x_wconf 85' lang='lat' dir='ltr'>supra</span> <span class='ocrx_word' id='word_1_286' title='bbox 326 3738 468 3824; x_wconf 87' lang='lat' dir='ltr'>seriptus</span> <span class='ocrx_word' id='word_1_287' title='bbox 485 3737 635 3807; x_wconf 84' lang='lat' dir='ltr'>Andreas</span> <span class='ocrx_word' id='word_1_288' title='bbox 660 3736 761 3805; x_wconf 86' lang='lat' dir='ltr'>irater</span> <span class='ocrx_word' id='word_1_289' title='bbox 786 3744 894 3804; x_wconf 87' lang='lat' dir='ltr'>noster</span> <span class='ocrx_word' id='word_1_290' title='bbox 911 3737 1017 3821; x_wconf 91' lang='lat' dir='ltr'>primo</span> <span class='ocrx_word' id='word_1_291' title='bbox 1033 3736 1159 3806; x_wconf 80' lang='lat' dir='ltr'>venerit</span> <span class='ocrx_word' id='word_1_292' title='bbox 1174 3734 1218 3803; x_wconf 88' lang='lat' dir='ltr'>ad</span> 
     </span>
     <span class='ocr_line' id='line_1_33' title="bbox 113 3845 1219 3933; baseline 0.001 -22"><span class='ocrx_word' id='word_1_293' title='bbox 113 3851 227 3914; x_wconf 81' lang='lat' dir='ltr'>etatem</span> <span class='ocrx_word' id='word_1_294' title='bbox 242 3847 335 3914; x_wconf 85' lang='lat' dir='ltr'>lnira</span> <span class='ocrx_word' id='word_1_295' title='bbox 351 3847 437 3932; x_wconf 90' lang='lat' dir='ltr'>qnod</span> <span class='ocrx_word' id='word_1_296' title='bbox 452 3846 594 3932; x_wconf 89' lang='lat' dir='ltr'>spatium</span> <span class='ocrx_word' id='word_1_297' title='bbox 611 3845 708 3912; x_wconf 88' lang='lat' dir='ltr'>trium</span> <span class='ocrx_word' id='word_1_298' title='bbox 726 3845 894 3931; x_wconf 88' lang='lat' dir='ltr'>mensium,</span> <span class='ocrx_word' id='word_1_299' title='bbox 911 3846 940 3912; x_wconf 92' lang='lat' dir='ltr'>si</span> <span class='ocrx_word' id='word_1_300' title='bbox 959 3845 1041 3933; x_wconf 91' lang='lat' dir='ltr'>ipse,</span> <span class='ocrx_word' id='word_1_301' title='bbox 1058 3845 1142 3913; x_wconf 89' lang='lat' dir='ltr'>sient</span> <span class='ocrx_word' id='word_1_302' title='bbox 1157 3864 1219 3930; x_wconf 79' lang='lat' dir='ltr'>ego</span> 
     </span>
     <span class='ocr_line' id='line_1_34' title="bbox 111 3951 1219 4041; baseline 0.004 -23"><span class='ocrx_word' id='word_1_303' title='bbox 111 3951 190 4020; x_wconf 84' lang='lat' dir='ltr'>robis</span> <span class='ocrx_word' id='word_1_304' title='bbox 220 3964 392 4041; x_wconf 83' lang='lat' dir='ltr'>vestroque</span> <span class='ocrx_word' id='word_1_305' title='bbox 425 3954 587 4024; x_wconf 81' lang='lat' dir='ltr'>communi</span> <span class='ocrx_word' id='word_1_306' title='bbox 603 3974 661 4040; x_wconf 90' lang='lat' dir='ltr'>per</span> <span class='ocrx_word' id='word_1_307' title='bbox 692 3959 931 4022; x_wconf 77' lang='lat' dir='ltr'>sacramentum</span> <span class='ocrx_word' id='word_1_308' title='bbox 948 3957 980 4022; x_wconf 88' lang='lat' dir='ltr'>et</span> <span class='ocrx_word' id='word_1_309' title='bbox 996 3953 1219 4039; x_wconf 85' lang='lat' dir='ltr'>promissionis</span> 
     </span>
     <span class='ocr_line' id='line_1_35' title="bbox 113 4061 1222 4150; baseline 0.001 -23"><span class='ocrx_word' id='word_1_310' title='bbox 113 4069 221 4130; x_wconf 83' lang='lat' dir='ltr'>sartam</span> <span class='ocrx_word' id='word_1_311' title='bbox 237 4085 308 4133; x_wconf 86' lang='lat' dir='ltr'>sum</span> <span class='ocrx_word' id='word_1_312' title='bbox 325 4066 502 4150; x_wconf 84' lang='lat' dir='ltr'>obligatos,</span> <span class='ocrx_word' id='word_1_313' title='bbox 519 4085 555 4133; x_wconf 89' lang='lat' dir='ltr'>se</span> <span class='ocrx_word' id='word_1_314' title='bbox 571 4064 764 4150; x_wconf 83' lang='lat' dir='ltr'>obligaverit</span> <span class='ocrx_word' id='word_1_315' title='bbox 777 4069 808 4130; x_wconf 88' lang='lat' dir='ltr'>et</span> <span class='ocrx_word' id='word_1_316' title='bbox 823 4061 1013 4131; x_wconf 81' lang='lat' dir='ltr'>astrinxerit</span> <span class='ocrx_word' id='word_1_317' title='bbox 1039 4081 1222 4130; x_wconf 78' lang='lat' dir='ltr'>santamen-</span> 
     </span>
     <span class='ocr_line' id='line_1_36' title="bbox 114 4165 1218 4256; baseline 0 -20"><span class='ocrx_word' id='word_1_318' title='bbox 114 4173 150 4255; x_wconf 84' lang='lat' dir='ltr'>to,</span> <span class='ocrx_word' id='word_1_319' title='bbox 164 4171 196 4239; x_wconf 91' lang='lat' dir='ltr'>in</span> <span class='ocrx_word' id='word_1_320' title='bbox 211 4173 359 4241; x_wconf 89' lang='lat' dir='ltr'>omnibus</span> <span class='ocrx_word' id='word_1_321' title='bbox 390 4171 602 4240; x_wconf 86' lang='lat' dir='ltr'>communiter</span> <span class='ocrx_word' id='word_1_322' title='bbox 618 4180 651 4239; x_wconf 89' lang='lat' dir='ltr'>et</span> <span class='ocrx_word' id='word_1_323' title='bbox 667 4171 827 4256; x_wconf 85' lang='lat' dir='ltr'>equaliter</span> <span class='ocrx_word' id='word_1_324' title='bbox 842 4171 902 4239; x_wconf 90' lang='lat' dir='ltr'>toti</span> <span class='ocrx_word' id='word_1_325' title='bbox 919 4175 1057 4256; x_wconf 88' lang='lat' dir='ltr'>quatuor</span> <span class='ocrx_word' id='word_1_326' title='bbox 1073 4165 1218 4242; x_wconf 79' lang='lat' dir='ltr'>Comites</span> 
     </span>
     <span class='ocr_line' id='line_1_37' title="bbox 117 4275 1221 4368; baseline 0 -24"><span class='ocrx_word' id='word_1_327' title='bbox 117 4293 177 4345; x_wconf 80' lang='lat' dir='ltr'>esse</span> <span class='ocrx_word' id='word_1_328' title='bbox 205 4279 369 4366; x_wconf 86' lang='lat' dir='ltr'>debemus,</span> <span class='ocrx_word' id='word_1_329' title='bbox 385 4287 417 4347; x_wconf 88' lang='lat' dir='ltr'>et</span> <span class='ocrx_word' id='word_1_330' title='bbox 433 4287 557 4368; x_wconf 87' lang='lat' dir='ltr'>ennete,</span> <span class='ocrx_word' id='word_1_331' title='bbox 589 4301 651 4365; x_wconf 89' lang='lat' dir='ltr'>que</span> <span class='ocrx_word' id='word_1_332' title='bbox 666 4299 766 4367; x_wconf 89' lang='lat' dir='ltr'>supra</span> <span class='ocrx_word' id='word_1_333' title='bbox 791 4277 914 4364; x_wconf 81' lang='lat' dir='ltr'>scripta</span> <span class='ocrx_word' id='word_1_334' title='bbox 944 4283 1028 4361; x_wconf 78' lang='lat' dir='ltr'>sunt,</span> <span class='ocrx_word' id='word_1_335' title='bbox 1059 4275 1221 4361; x_wconf 86' lang='lat' dir='ltr'>equaliter</span> 
     </span>
     <span class='ocr_line' id='line_1_38' title="bbox 120 4383 1222 4475; baseline 0.001 -25"><span class='ocrx_word' id='word_1_336' title='bbox 120 4385 285 4456; x_wconf 75' lang='lat' dir='ltr'>obseruare.</span> <span class='ocrx_word' id='word_1_337' title='bbox 304 4387 477 4458; x_wconf 81' lang='lat' dir='ltr'>Sciendum</span> <span class='ocrx_word' id='word_1_338' title='bbox 494 4393 602 4456; x_wconf 85' lang='lat' dir='ltr'>tamen</span> <span class='ocrx_word' id='word_1_339' title='bbox 615 4394 675 4473; x_wconf 89' lang='lat' dir='ltr'>est,</span> <span class='ocrx_word' id='word_1_340' title='bbox 690 4388 769 4471; x_wconf 85' lang='lat' dir='ltr'>quia</span> <span class='ocrx_word' id='word_1_341' title='bbox 783 4407 883 4475; x_wconf 88' lang='lat' dir='ltr'>supra</span> <span class='ocrx_word' id='word_1_342' title='bbox 899 4383 1012 4472; x_wconf 85' lang='lat' dir='ltr'>scripti</span> <span class='ocrx_word' id='word_1_343' title='bbox 1027 4383 1173 4453; x_wconf 86' lang='lat' dir='ltr'>Joannos</span> <span class='ocrx_word' id='word_1_344' title='bbox 1189 4391 1222 4453; x_wconf 89' lang='lat' dir='ltr'>et</span> 
     </span>
     <span class='ocr_line' id='line_1_39' title="bbox 114 4491 1219 4585; baseline 0.003 -27"><span class='ocrx_word' id='word_1_345' title='bbox 114 4493 245 4564; x_wconf 76' lang='lat' dir='ltr'>Andreas</span> <span class='ocrx_word' id='word_1_346' title='bbox 272 4495 415 4567; x_wconf 81' lang='lat' dir='ltr'>Comites</span> <span class='ocrx_word' id='word_1_347' title='bbox 431 4518 495 4566; x_wconf 94' lang='lat' dir='ltr'>non</span> <span class='ocrx_word' id='word_1_348' title='bbox 512 4517 585 4566; x_wconf 84' lang='lat' dir='ltr'>esse</span> <span class='ocrx_word' id='word_1_349' title='bbox 614 4498 746 4585; x_wconf 84' lang='lat' dir='ltr'>debent,</span> <span class='ocrx_word' id='word_1_350' title='bbox 761 4497 796 4562; x_wconf 91' lang='lat' dir='ltr'>ni</span> <span class='ocrx_word' id='word_1_351' title='bbox 811 4497 846 4563; x_wconf 91' lang='lat' dir='ltr'>in</span> <span class='ocrx_word' id='word_1_352' title='bbox 857 4494 928 4563; x_wconf 83' lang='lat' dir='ltr'>rita</span> <span class='ocrx_word' id='word_1_353' title='bbox 943 4492 1041 4561; x_wconf 90' lang='lat' dir='ltr'>nnius</span> <span class='ocrx_word' id='word_1_354' title='bbox 1057 4491 1099 4561; x_wconf 90' lang='lat' dir='ltr'>de</span> <span class='ocrx_word' id='word_1_355' title='bbox 1114 4493 1219 4582; x_wconf 90' lang='lat' dir='ltr'>nobis,</span> 
     </span>
     <span class='ocr_line' id='line_1_40' title="bbox 117 4598 1221 4698; baseline 0.001 -27"><span class='ocrx_word' id='word_1_356' title='bbox 117 4598 239 4675; x_wconf 81' lang='lat' dir='ltr'>Robeno</span> <span class='ocrx_word' id='word_1_357' title='bbox 268 4605 420 4678; x_wconf 82' lang='lat' dir='ltr'>vidolioat</span> <span class='ocrx_word' id='word_1_358' title='bbox 436 4612 468 4677; x_wconf 88' lang='lat' dir='ltr'>ot</span> <span class='ocrx_word' id='word_1_359' title='bbox 484 4627 537 4678; x_wconf 88' lang='lat' dir='ltr'>mo</span> <span class='ocrx_word' id='word_1_360' title='bbox 552 4605 657 4698; x_wconf 88' lang='lat' dir='ltr'>Petro,</span> <span class='ocrx_word' id='word_1_361' title='bbox 675 4607 730 4694; x_wconf 87' lang='lat' dir='ltr'>qui</span> <span class='ocrx_word' id='word_1_362' title='bbox 748 4606 820 4698; x_wconf 89' lang='lat' dir='ltr'>plus</span> <span class='ocrx_word' id='word_1_363' title='bbox 852 4602 981 4694; x_wconf 83' lang='lat' dir='ltr'>vixerit,</span> <span class='ocrx_word' id='word_1_364' title='bbox 1005 4603 1091 4673; x_wconf 89' lang='lat' dir='ltr'>sient</span> <span class='ocrx_word' id='word_1_365' title='bbox 1121 4603 1221 4675; x_wconf 89' lang='lat' dir='ltr'>etiam</span> 
     </span>
    </p>
   </div>
   <div class='ocr_carea' id='block_1_7' title="bbox 0 0 1614 5200">
    <p class='ocr_par' dir='ltr' id='par_1_7' title="bbox 0 0 1614 5200">
     <span class='ocr_line' id='line_1_41' title="bbox 0 0 1614 5200; baseline 0 0"><span class='ocrx_word' id='word_1_366' title='bbox 0 0 1614 5200; x_wconf 95' lang='lat' dir='ltr'> </span> 
     </span>
    </p>
   </div>
  </div>
 </body>
</html>
