3206 5184
628 351 780 458 „peu

8 603 9 606 ,
138 543 272 617 honoris
287 551 388 620 nostri
404 550 539 638 fastigia
554 551 717 639 querimus
733 549 910 640 prudenter
925 549 1090 638 extollere,
1106 545 1264 638 etouiqus

140 658 358 728 subiectorum
376 671 558 732 nostrorum
574 660 626 729 ius
642 681 736 729 suum
766 661 946 744 tribuimus,
976 668 1008 728 ot
1037 661 1184 748 ipsorum
1215 661 1263 726 in-

139 765 337 854 dempnitati
353 770 552 840 consulimus
569 771 683 857 preuia
698 769 838 839 rasione.
860 771 1043 856 Ilapropter
1058 775 1171 838 uotum
1186 766 1265 836 faoi·

139 891 213 944 mus
230 897 291 964 per
305 884 474 964 presentes
489 879 659 966 uniuersis,
677 878 761 963 quod
779 899 851 948 oum
862 877 945 946 inter
956 877 1086 947 nobiles
1097 875 1137 943 de
1147 893 1266 963 genero

6 981 7 984 ’
136 979 293 1054 Salomon
309 987 350 1054 de
366 987 447 1056 villu
463 987 548 1056 Vata
560 1009 603 1055 ex
618 1009 683 1056 vua
697 992 801 1074 parte,
820 992 852 1054 et
867 986 1063 1056 uduornieos
1080 987 1207 1053 nostros
1224 982 1265 1052 de

6 1145 8 1156 2
138 1088 311 1161 clouoouz
328 1093 367 1160 de
384 1093 473 1162 villis
487 1095 556 1180 Lug
572 1100 604 1161 ot
619 1097 722 1163 Poton
736 1114 835 1181 super
851 1093 993 1181 quadem
1003 1101 1089 1161 terra
1103 1092 1264 1179 paludosa

136 1201 314 1268 sussoitata
329 1201 443 1272 fnisset
458 1204 594 1272 materia
610 1202 798 1291 questionis,
816 1210 848 1269 et
864 1223 904 1271 ea
920 1203 1023 1288 primo
1040 1222 1151 1270 eorum
1175 1201 1260 1267 Lau·

5 1323 7 1332 ⁸
136 1309 246 1377 reneio
262 1310 414 1379 Palatino
431 1312 556 1378 Gemite
573 1311 769 1398 symigiensi
786 1311 906 1380 dileeto
922 1319 954 1379 et
969 1310 1058 1379 fideli
1073 1315 1197 1394 nostro,
1228 1313 1262 1375 et

5 1457 7 1474 τ
41 1474 46 1482 .
135 1416 344 1500 postmodum
370 1440 477 1487 eoram
503 1421 596 1489 nobis
626 1419 739 1490 fuisset
770 1421 896 1489 diucius
926 1419 1104 1504 uentilata3
1129 1415 1261 1485 taudem
1346 1481 1351 1486 .

4 1529 6 1612 ζ
134 1524 216 1609 quia
229 1525 329 1611 ijdem
346 1529 472 1598 nobiles
488 1550 523 1598 se
540 1528 638 1600 luisse
652 1531 686 1597 in
701 1531 910 1617 possessione
925 1529 1012 1598 illius
1028 1533 1113 1595 terre
1128 1531 1260 1592 eonten-

4 1665 6 1694 ι
132 1635 234 1724 oiose,
250 1656 311 1705 neo
326 1658 383 1724 per
399 1641 647 1708 instrumentum
663 1637 808 1728 aliquod,
824 1661 886 1708 neo
902 1659 959 1727 per
974 1637 1122 1707 raoiones
1132 1634 1260 1718 aliquas

4 1739 6 1830 ξ
131 1739 287 1812 effloaoes
302 1752 452 1815 oonstare
467 1784 511 1796 -
529 1785 568 1796 —
587 1785 631 1796 —
647 1747 834 1815 nullatenus
849 1747 1040 1834 potuissent,
1057 1743 1118 1812 sed
1134 1740 1259 1811 eisdem

4 1831 6 1922 ss
131 1849 319 1919 vduorniois
335 1854 454 1922 uostris
470 1856 503 1922 iu
520 1855 727 1941 possessione
742 1854 834 1923 illius
852 1863 937 1923 terre
953 1851 1168 1921 existentibus
1195 1867 1260 1917 me·

3 1949 4 1988 ³
129 1961 183 2024 tas
201 1956 345 2026 eiusdem
360 1966 444 2029 terre
460 1961 688 2031 destruxerant
703 1965 827 2032 nobiles
852 1962 1027 2047 antedicti,
1044 1957 1258 2035 deoreuimus‚

132 2069 169 2130 ut
185 2064 284 2150 ijdem
301 2066 471 2137 uduornioi
486 2071 530 2138 ad
554 2072 792 2159 possessiouem
824 2072 914 2141 illius
945 2078 1030 2139 terre
1061 2066 1257 2135 inducantur

3 2205 6 2236 r
132 2171 263 2262 iterato,
280 2182 311 2243 et
328 2176 448 2245 eisdem
465 2182 653 2248 restituatur
668 2180 767 2267 pleno
782 2182 863 2249 iure.
902 2177 1007 2258 Quam
1032 2174 1163 2262 quidem
1195 2177 1257 2239 tor·
1299 2183 1306 2192 '

2 2278 4 2300 ³
130 2301 202 2348 ram
219 2282 340 2351 eisdem
358 2286 678 2356 uduornioisnostris
694 2288 895 2376 perfidelem
912 2295 1054 2355 nostrum
1064 2281 1258 2351 Michaelem

132 2389 289 2458 Comitem
307 2393 348 2459 de
362 2394 500 2462 Zoulum
516 2395 575 2462 sub
592 2397 776 2465 testimonio
792 2395 936 2483 Capituli
952 2391 1159 2462 Posonieusls
1177 2387 1256 2457 leoi-

128 2519 203 2566 mus
219 2499 391 2586 assignari.
416 2501 515 2572 cuius
531 2511 616 2571 terre
632 2512 724 2591 moto,
742 2512 839 2592 prout
854 2505 887 2571 iu
905 2504 1020 2573 litteris
1037 2499 1181 2587 Capituli
1196 2497 1256 2564 Po·

1 2676 2 2694 ,
130 2607 292 2675 soriensis
306 2609 446 2678 vidimus
462 2613 629 2698 contineri,
645 2613 706 2680 hoo
722 2613 834 2681 ordine
865 2612 1084 2696 distinguntur
1109 2636 1116 2677 :
1149 2606 1256 2676 Prima

1 2703 4 2827 ζ
130 2723 218 2784 meta
233 2717 494 2806 insipitaparto
510 2719 702 2790 oceideutali
728 2722 915 2807 aquodam
947 2740 1043 2807 uena,
1074 2739 1138 2803 que
1167 2717 1255 2805 Epor

1 2835 3 2920 ᾗ
128 2833 275 2915 uocatur,
308 2834 341 2897 et
355 2830 447 2896 iuxta
463 2837 605 2897 ueterem
622 2839 741 2899 metam
756 2851 841 2898 noua
857 2837 944 2897 meta
975 2835 1025 2896 est
1055 2834 1182 2911 erecto,
1214 2844 1255 2893 ox

27 2974 35 2988 ι
128 2931 206 3000 iude
221 2935 314 3003 uadit
329 2936 373 3003 ad
389 2941 528 3005 ueterem
545 2944 666 3006 metam
682 2939 725 3005 ad
742 2947 868 3026 partem
886 2939 1076 3006 orientalem
1095 2934 1253 3001 adloeum

1 3039 2 3100 ξ
128 3041 185 3122 qui
200 3045 286 3108 arelo
302 3048 442 3131 uooatur,
453 3053 486 3112 et
502 3046 594 3112 iuxta
609 3045 698 3113 illam
716 3055 857 3117 ueterem
868 3055 998 3130 metam,
1009 3065 1071 3131 que
1087 3042 1254 3110 destruota

126 3153 294 3238 apparuit,
311 3171 398 3219 noua
413 3159 499 3219 meta
516 3159 565 3220 est
591 3160 718 3238 ereota;
741 3155 860 3224 deiude
884 3155 976 3223 uadit
1006 3154 1050 3221 ed
1066 3154 1163 3236 uiam,
1190 3173 1253 3238 que

1 3261 2 3327 l
127 3260 269 3325 ottadutd
285 3267 432 3349 uoeatur,
457 3260 512 3328 vbi
528 3260 630 3328 eoiam
646 3264 794 3331 similiter
820 3264 1063 3332 destruooiones
1094 3269 1252 3330 metarum

127 3376 357 3455 apparuerunt,
375 3377 407 3436 et
424 3369 526 3438 estibi
538 3378 645 3439 erecta
656 3391 742 3438 noua
753 3380 839 3440 meta
851 3397 858 3458 ;
869 3381 902 3440 ot
913 3371 1028 3441 exinde
1038 3371 1252 3459 progreditur,

134 3481 167 3539 et
179 3471 268 3540 uadit
278 3495 391 3544 uorsus
401 3477 565 3562 orientem,
577 3480 666 3546 uenit
676 3479 719 3547 ad
736 3501 856 3564 aquam
873 3481 965 3568 Sard,
979 3487 1011 3548 et
1030 3479 1128 3549 ibiest
1145 3486 1253 3549 ereota

1 3601 2 3643 3
125 3600 212 3648 noua
227 3587 313 3649 meta
323 3604 333 3667 ;
350 3584 468 3651 deinde
478 3605 607 3672 semper
617 3589 823 3673 procedendo
835 3609 946 3658 uersus
956 3591 1112 3657 orientem
1123 3587 1252 3656 venitur

1 3720 2 3727 κ
124 3689 169 3754 ad
185 3691 304 3780 locum,
335 3692 391 3777 qui
408 3693 551 3780 Sardzeg
566 3704 710 3782 vocatur,
737 3703 769 3766 et
784 3697 829 3764 ibi
855 3697 1005 3765 similitor
1030 3706 1253 3784 apparuerunt

124 3795 367 3868 destruooiones
397 3809 566 3888 metarum,
598 3812 629 3870 et
661 3812 709 3872 est
725 3825 812 3874 noua
828 3813 915 3873 meta
931 3811 1061 3891 ereota;
1086 3811 1118 3872 et
1134 3805 1252 3875 exinde

1 3952 4 3961 .
123 3904 217 3973 uadit
232 3905 275 3973 ed
289 3908 404 3995 looum,
422 3909 478 3994 qni
495 3911 682 3979 Livkeurim
701 3913 827 3999 dieitur,
845 3920 877 3981 et
891 3913 937 3982 ibi
954 3919 1177 4001 apparuerunt
1194 3914 1250 3981 de·

122 4015 321 4084 struooiones
337 4024 507 4103 metarum,
524 4027 555 4086 et
570 4028 619 4090 est
634 4043 719 4089 noua
741 4029 828 4088 meta
844 4027 971 4108 eroota;
996 4021 1112 4092 deindo
1142 4021 1251 4091 tendit

1 4129 3 4209 ρ
123 4121 168 4189 ad
183 4123 287 4192 loeum
303 4126 359 4208 qui
375 4125 596 4196 Homuhailuk
613 4128 740 4215 dieitur,
757 4130 803 4197 ibi
821 4139 1042 4216 apparuerunt
1058 4131 1249 4199 destruooio-

122 4251 180 4298 nes
196 4239 365 4321 meturum,
383 4240 415 4300 et
430 4243 480 4302 est
495 4235 538 4302 ibi
557 4245 666 4304 erecta
682 4257 769 4305 noua
785 4245 890 4323 meta3
908 4238 1028 4306 deiude
1043 4239 1248 4326 progreditur

1 4333 2 4390 ἶ
121 4344 154 4404 et
170 4339 260 4405 vadit
277 4339 320 4407 ad
337 4343 453 4430 looum,
478 4345 534 4427 qui
551 4345 666 4414 Fenek
682 4355 829 4433 uooatur,
857 4353 889 4414 et
905 4347 1056 4414 similiter
1071 4347 1116 4413 ibi
1148 4367 1248 4433 appa·

124 4453 260 4514 ruerunt
276 4448 515 4520 destruooiones
527 4461 691 4544 metarum,
709 4437 854 4524 etibiost
869 4463 977 4522 ereota
993 4475 1079 4523 noue
1094 4461 1199 4540 meta,
1217 4462 1250 4522 et
1273 4459 1276 4466 ⁴

122 4552 241 4624 deiude
257 4558 361 4625 tendit
376 4560 419 4627 ad
432 4560 569 4630 insulam
586 4582 750 4652 equorum,
775 4574 806 4633 et
822 4564 866 4632 ibi
883 4566 917 4630 in
933 4566 1002 4632 loeo
1020 4565 1169 4634 similiter
1192 4564 1250 4631 de-

120 4669 316 4736 structarum
332 4680 490 4738 metarum
508 4691 595 4739 uoua
611 4679 700 4741 mete
716 4680 766 4744 est
782 4680 910 4763 creola3
937 4683 968 4744 et
984 4675 1102 4750 exinde
1133 4673 1250 4746 transit
