<?xml version="1.0" encoding="UTF-8"?>
<!DOCTYPE html PUBLIC "-//W3C//DTD XHTML 1.0 Transitional//EN"
    "http://www.w3.org/TR/xhtml1/DTD/xhtml1-transitional.dtd">
<html xmlns="http://www.w3.org/1999/xhtml" xml:lang="en" lang="en">
 <head>
  <title>
</title>
<meta http-equiv="Content-Type" content="text/html;charset=utf-8" />
  <meta name='ocr-system' content='tesseract 3.04.00' />
  <meta name='ocr-capabilities' content='ocr_page ocr_carea ocr_par ocr_line ocrx_word'/>
</head>
<body>
  <div class='ocr_page' id='page_1' title='image "./codexdiplomatic01wenzgoog_0151.png"; bbox 0 0 3182 5200; ppageno 0'>
   <div class='ocr_carea' id='block_1_1' title="bbox 671 441 830 552">
    <p class='ocr_par' dir='ltr' id='par_1_1' title="bbox 671 441 830 552">
     <span class='ocr_line' id='line_1_1' title="bbox 671 441 830 552; baseline 0 0"><span class='ocrx_word' id='word_1_1' title='bbox 671 441 830 552; x_wconf 70' lang='lat' dir='ltr'><strong>..m</strong></span> 
     </span>
    </p>
   </div>
   <div class='ocr_carea' id='block_1_2' title="bbox 181 625 1329 1381">
    <p class='ocr_par' dir='ltr' id='par_1_2' title="bbox 181 625 1329 1381">
     <span class='ocr_line' id='line_1_2' title="bbox 183 625 1329 742; baseline -0.007 -26"><span class='ocrx_word' id='word_1_2' title='bbox 183 653 336 716; x_wconf 85' lang='lat' dir='ltr'><strong>currente</strong></span> <span class='ocrx_word' id='word_1_3' title='bbox 353 625 468 715; x_wconf 79' lang='lat' dir='ltr'><strong>contra</strong></span> <span class='ocrx_word' id='word_1_4' title='bbox 484 648 574 734; x_wconf 89' lang='lat' dir='ltr'><strong>ipsos</strong></span> <span class='ocrx_word' id='word_1_5' title='bbox 593 645 712 714; x_wconf 84' lang='lat' dir='ltr'><strong>iratres</strong></span> <span class='ocrx_word' id='word_1_6' title='bbox 729 663 801 710; x_wconf 92' lang='lat' dir='ltr'><strong>cnm</strong></span> <span class='ocrx_word' id='word_1_7' title='bbox 818 663 923 742; x_wconf 84' lang='lat' dir='ltr'><strong>aureo</strong></span> <span class='ocrx_word' id='word_1_8' title='bbox 950 643 1120 732; x_wconf 83' lang='lat' dir='ltr'><strong>priuilegio</strong></span> <span class='ocrx_word' id='word_1_9' title='bbox 1143 662 1240 728; x_wconf 86' lang='lat' dir='ltr'><strong>agere</strong></span> <span class='ocrx_word' id='word_1_10' title='bbox 1268 662 1329 708; x_wconf 90' lang='lat' dir='ltr'><strong>co··</strong></span> 
     </span>
     <span class='ocr_line' id='line_1_3' title="bbox 184 745 1325 840; baseline -0.009 -17"><span class='ocrx_word' id='word_1_11' title='bbox 184 764 329 840; x_wconf 88' lang='lat' dir='ltr'><strong>naretnr,</strong></span> <span class='ocrx_word' id='word_1_12' title='bbox 343 755 415 823; x_wconf 90' lang='lat' dir='ltr'><strong>eins</strong></span> <span class='ocrx_word' id='word_1_13' title='bbox 434 775 519 822; x_wconf 84' lang='lat' dir='ltr'><strong>vana</strong></span> <span class='ocrx_word' id='word_1_14' title='bbox 535 761 567 820; x_wconf 92' lang='lat' dir='ltr'><strong>et</strong></span> <span class='ocrx_word' id='word_1_15' title='bbox 583 751 747 840; x_wconf 88' lang='lat' dir='ltr'><strong>superflua</strong></span> <span class='ocrx_word' id='word_1_16' title='bbox 771 752 863 818; x_wconf 83' lang='lat' dir='ltr'><strong>accio</strong></span> <span class='ocrx_word' id='word_1_17' title='bbox 887 748 1052 818; x_wconf 89' lang='lat' dir='ltr'><strong>inimicum</strong></span> <span class='ocrx_word' id='word_1_18' title='bbox 1069 747 1151 836; x_wconf 85' lang='lat' dir='ltr'><strong>(tgy,</strong></span> <span class='ocrx_word' id='word_1_19' title='bbox 1178 745 1325 834; x_wconf 82' lang='lat' dir='ltr'><strong>irritum)¹</strong></span> 
     </span>
     <span class='ocr_line' id='line_1_4' title="bbox 181 857 1321 944; baseline -0.011 -11"><span class='ocrx_word' id='word_1_20' title='bbox 181 871 347 932; x_wconf 84' lang='lat' dir='ltr'><strong>teneatur.</strong></span> <span class='ocrx_word' id='word_1_21' title='bbox 372 863 507 930; x_wconf 77' lang='lat' dir='ltr'><strong>Terram</strong></span> <span class='ocrx_word' id='word_1_22' title='bbox 526 862 646 929; x_wconf 79' lang='lat' dir='ltr'><strong>etenim</strong></span> <span class='ocrx_word' id='word_1_23' title='bbox 661 861 829 928; x_wconf 85' lang='lat' dir='ltr'><strong>Racessan</strong></span> <span class='ocrx_word' id='word_1_24' title='bbox 844 857 930 926; x_wconf 90' lang='lat' dir='ltr'><strong>Petri</strong></span> <span class='ocrx_word' id='word_1_25' title='bbox 963 859 1021 944; x_wconf 85' lang='lat' dir='ltr'><strong>filij</strong></span> <span class='ocrx_word' id='word_1_26' title='bbox 1053 857 1185 942; x_wconf 77' lang='lat' dir='ltr'><strong>Thatar,</strong></span> <span class='ocrx_word' id='word_1_27' title='bbox 1217 877 1321 940; x_wconf 89' lang='lat' dir='ltr'><strong>quem·</strong></span> 
     </span>
     <span class='ocr_line' id='line_1_5' title="bbox 181 966 1327 1053; baseline -0.01 -14"><span class='ocrx_word' id='word_1_28' title='bbox 181 971 311 1039; x_wconf 85' lang='lat' dir='ltr'><strong>meritis</strong></span> <span class='ocrx_word' id='word_1_29' title='bbox 328 971 397 1038; x_wconf 90' lang='lat' dir='ltr'><strong>suis</strong></span> <span class='ocrx_word' id='word_1_30' title='bbox 412 969 619 1053; x_wconf 73' lang='lat' dir='ltr'><strong>exigentibus</strong></span> <span class='ocrx_word' id='word_1_31' title='bbox 636 967 814 1052; x_wconf 91' lang='lat' dir='ltr'><strong>suspendio</strong></span> <span class='ocrx_word' id='word_1_32' title='bbox 829 966 1056 1050; x_wconf 85' lang='lat' dir='ltr'><strong>iudicauimus,</strong></span> <span class='ocrx_word' id='word_1_33' title='bbox 1073 966 1219 1051; x_wconf 91' lang='lat' dir='ltr'><strong>predicte</strong></span> <span class='ocrx_word' id='word_1_34' title='bbox 1231 972 1327 1029; x_wconf 88' lang='lat' dir='ltr'><strong>terro·</strong></span> 
     </span>
     <span class='ocr_line' id='line_1_6' title="bbox 182 1073 1315 1163; baseline -0.011 -17"><span class='ocrx_word' id='word_1_35' title='bbox 182 1079 402 1162; x_wconf 83' lang='lat' dir='ltr'><strong>adiacentem,</strong></span> <span class='ocrx_word' id='word_1_36' title='bbox 419 1077 503 1145; x_wconf 90' lang='lat' dir='ltr'><strong>sicut</strong></span> <span class='ocrx_word' id='word_1_37' title='bbox 517 1097 596 1163; x_wconf 84' lang='lat' dir='ltr'><strong>sepe</strong></span> <span class='ocrx_word' id='word_1_38' title='bbox 614 1083 790 1144; x_wconf 87' lang='lat' dir='ltr'><strong>memorato</strong></span> <span class='ocrx_word' id='word_1_39' title='bbox 806 1075 961 1162; x_wconf 82' lang='lat' dir='ltr'><strong>Obepano</strong></span> <span class='ocrx_word' id='word_1_40' title='bbox 978 1073 1180 1157; x_wconf 87' lang='lat' dir='ltr'><strong>dederamus,</strong></span> <span class='ocrx_word' id='word_1_41' title='bbox 1196 1079 1228 1139; x_wconf 88' lang='lat' dir='ltr'><strong>et</strong></span> <span class='ocrx_word' id='word_1_42' title='bbox 1245 1073 1315 1158; x_wconf 86' lang='lat' dir='ltr'><strong>ipse</strong></span> 
     </span>
     <span class='ocr_line' id='line_1_7' title="bbox 182 1179 1313 1273; baseline -0.007 -21"><span class='ocrx_word' id='word_1_43' title='bbox 182 1186 240 1254; x_wconf 87' lang='lat' dir='ltr'><strong>die</strong></span> <span class='ocrx_word' id='word_1_44' title='bbox 256 1207 322 1271; x_wconf 88' lang='lat' dir='ltr'><strong>qua</strong></span> <span class='ocrx_word' id='word_1_45' title='bbox 337 1185 418 1271; x_wconf 87' lang='lat' dir='ltr'><strong>obijt</strong></span> <span class='ocrx_word' id='word_1_46' title='bbox 433 1186 517 1254; x_wconf 89' lang='lat' dir='ltr'><strong>inste</strong></span> <span class='ocrx_word' id='word_1_47' title='bbox 533 1207 574 1254; x_wconf 86' lang='lat' dir='ltr'><strong>ac</strong></span> <span class='ocrx_word' id='word_1_48' title='bbox 589 1185 724 1273; x_wconf 85' lang='lat' dir='ltr'><strong>pacifice</strong></span> <span class='ocrx_word' id='word_1_49' title='bbox 740 1183 939 1270; x_wconf 77' lang='lat' dir='ltr'><strong>possidebat,</strong></span> <span class='ocrx_word' id='word_1_50' title='bbox 957 1183 1004 1250; x_wconf 90' lang='lat' dir='ltr'><strong>ita</strong></span> <span class='ocrx_word' id='word_1_51' title='bbox 1030 1185 1095 1249; x_wconf 88' lang='lat' dir='ltr'><strong>iarn</strong></span> <span class='ocrx_word' id='word_1_52' title='bbox 1122 1179 1217 1247; x_wconf 87' lang='lat' dir='ltr'><strong>dictis</strong></span> <span class='ocrx_word' id='word_1_53' title='bbox 1249 1179 1313 1245; x_wconf 82' lang='lat' dir='ltr'><strong>lra-</strong></span> 
     </span>
     <span class='ocr_line' id='line_1_8' title="bbox 181 1288 1315 1381; baseline -0.005 -21"><span class='ocrx_word' id='word_1_54' title='bbox 181 1293 288 1362; x_wconf 87' lang='lat' dir='ltr'><strong>tribns</strong></span> <span class='ocrx_word' id='word_1_55' title='bbox 318 1294 440 1362; x_wconf 86' lang='lat' dir='ltr'><strong>ililioie</strong></span> <span class='ocrx_word' id='word_1_56' title='bbox 465 1293 596 1381; x_wconf 78' lang='lat' dir='ltr'><strong>Templi</strong></span> <span class='ocrx_word' id='word_1_57' title='bbox 629 1298 787 1381; x_wconf 87' lang='lat' dir='ltr'><strong>perpetuo</strong></span> <span class='ocrx_word' id='word_1_58' title='bbox 819 1290 1037 1359; x_wconf 74' lang='lat' dir='ltr'><strong>concessimus</strong></span> <span class='ocrx_word' id='word_1_59' title='bbox 1071 1288 1315 1377; x_wconf 88' lang='lat' dir='ltr'><strong>possidendam.</strong></span> 
     </span>
    </p>
   </div>
   <div class='ocr_carea' id='block_1_3' title="bbox 180 1396 1430 1490">
    <p class='ocr_par' dir='ltr' id='par_1_3' title="bbox 180 1396 1430 1490">
     <span class='ocr_line' id='line_1_9' title="bbox 180 1396 1430 1490; baseline -0.003 -23"><span class='ocrx_word' id='word_1_60' title='bbox 180 1397 294 1467; x_wconf 86' lang='lat' dir='ltr'><strong>Prima</strong></span> <span class='ocrx_word' id='word_1_61' title='bbox 309 1407 396 1468; x_wconf 86' lang='lat' dir='ltr'><strong>meta</strong></span> <span class='ocrx_word' id='word_1_62' title='bbox 412 1399 556 1468; x_wconf 87' lang='lat' dir='ltr'><strong>eiusdem</strong></span> <span class='ocrx_word' id='word_1_63' title='bbox 572 1407 657 1468; x_wconf 88' lang='lat' dir='ltr'><strong>terre</strong></span> <span class='ocrx_word' id='word_1_64' title='bbox 673 1407 723 1466; x_wconf 88' lang='lat' dir='ltr'><strong>est</strong></span> <span class='ocrx_word' id='word_1_65' title='bbox 738 1418 833 1466; x_wconf 88' lang='lat' dir='ltr'><strong>secus</strong></span> <span class='ocrx_word' id='word_1_66' title='bbox 849 1419 978 1484; x_wconf 87' lang='lat' dir='ltr'><strong>aquarn,</strong></span> <span class='ocrx_word' id='word_1_67' title='bbox 996 1419 1060 1483; x_wconf 88' lang='lat' dir='ltr'><strong>qne</strong></span> <span class='ocrx_word' id='word_1_68' title='bbox 1087 1396 1207 1463; x_wconf 86' lang='lat' dir='ltr'><strong>dicitnr</strong></span> <span class='ocrx_word' id='word_1_69' title='bbox 1238 1397 1311 1464; x_wconf 84' lang='lat' dir='ltr'><strong>Les·</strong></span> <span class='ocrx_word' id='word_1_70' title='bbox 1426 1481 1430 1490; x_wconf 79' lang='lat'><em>.</em></span> 
     </span>
    </p>
   </div>
   <div class='ocr_carea' id='block_1_4' title="bbox 176 1491 1332 4830">
    <p class='ocr_par' dir='ltr' id='par_1_4' title="bbox 176 1491 1332 4830">
     <span class='ocr_line' id='line_1_10' title="bbox 179 1491 1319 1595; baseline -0.004 -22"><span class='ocrx_word' id='word_1_71' title='bbox 179 1509 270 1590; x_wconf 87' lang='lat' dir='ltr'><strong>nica,</strong></span> <span class='ocrx_word' id='word_1_72' title='bbox 286 1508 341 1574; x_wconf 93' lang='lat' dir='ltr'><strong>nbi</strong></span> <span class='ocrx_word' id='word_1_73' title='bbox 358 1507 526 1595; x_wconf 85' lang='lat' dir='ltr'><strong>(pergens)</strong></span> <span class='ocrx_word' id='word_1_74' title='bbox 544 1507 598 1575; x_wconf 81' lang='lat' dir='ltr'><strong>ria</strong></span> <span class='ocrx_word' id='word_1_75' title='bbox 621 1491 751 1574; x_wconf 84' lang='lat' dir='ltr'><strong>nomine</strong></span> <span class='ocrx_word' id='word_1_76' title='bbox 766 1508 920 1573; x_wconf 87' lang='lat' dir='ltr'><strong>Ducanta</strong></span> <span class='ocrx_word' id='word_1_77' title='bbox 936 1507 1056 1574; x_wconf 77' lang='lat' dir='ltr'><strong>transit</strong></span> <span class='ocrx_word' id='word_1_78' title='bbox 1071 1504 1176 1591; x_wconf 80' lang='lat' dir='ltr'><strong>ipsam</strong></span> <span class='ocrx_word' id='word_1_79' title='bbox 1194 1523 1319 1586; x_wconf 61' lang='lat' dir='ltr'><strong>aquam&gt;</strong></span> 
     </span>
     <span class='ocr_line' id='line_1_11' title="bbox 180 1609 1316 1700; baseline -0.002 -18"><span class='ocrx_word' id='word_1_80' title='bbox 180 1616 344 1700; x_wconf 71' lang='lat' dir='ltr'><strong>Iesnica3</strong></span> <span class='ocrx_word' id='word_1_81' title='bbox 369 1615 426 1680; x_wconf 83' lang='lat' dir='ltr'><strong>illa</strong></span> <span class='ocrx_word' id='word_1_82' title='bbox 443 1634 523 1682; x_wconf 91' lang='lat' dir='ltr'><strong>nero</strong></span> <span class='ocrx_word' id='word_1_83' title='bbox 540 1615 594 1682; x_wconf 85' lang='lat' dir='ltr'><strong>via</strong></span> <span class='ocrx_word' id='word_1_84' title='bbox 610 1614 811 1682; x_wconf 87' lang='lat' dir='ltr'><strong>descendens</strong></span> <span class='ocrx_word' id='word_1_85' title='bbox 830 1613 871 1680; x_wconf 90' lang='lat' dir='ltr'><strong>de</strong></span> <span class='ocrx_word' id='word_1_86' title='bbox 895 1611 995 1681; x_wconf 85' lang='lat' dir='ltr'><strong>Potns</strong></span> <span class='ocrx_word' id='word_1_87' title='bbox 1026 1611 1113 1679; x_wconf 83' lang='lat' dir='ltr'><strong>dreit</strong></span> <span class='ocrx_word' id='word_1_88' title='bbox 1146 1609 1316 1700; x_wconf 88' lang='lat' dir='ltr'><strong>Rndmam,</strong></span> 
     </span>
     <span class='ocr_line' id='line_1_12' title="bbox 181 1709 1332 1808; baseline -0.003 -17"><span class='ocrx_word' id='word_1_89' title='bbox 181 1731 219 1792; x_wconf 86' lang='lat' dir='ltr'><strong>et</strong></span> <span class='ocrx_word' id='word_1_90' title='bbox 235 1731 284 1789; x_wconf 89' lang='lat' dir='ltr'><strong>est</strong></span> <span class='ocrx_word' id='word_1_91' title='bbox 300 1741 360 1807; x_wconf 92' lang='lat' dir='ltr'><strong>pro</strong></span> <span class='ocrx_word' id='word_1_92' title='bbox 376 1730 463 1788; x_wconf 90' lang='lat' dir='ltr'><strong>meta</strong></span> <span class='ocrx_word' id='word_1_93' title='bbox 478 1742 538 1808; x_wconf 91' lang='lat' dir='ltr'><strong>pre</strong></span> <span class='ocrx_word' id='word_1_94' title='bbox 554 1740 709 1788; x_wconf 80' lang='lat' dir='ltr'><strong>cacumen</strong></span> <span class='ocrx_word' id='word_1_95' title='bbox 726 1721 843 1788; x_wconf 89' lang='lat' dir='ltr'><strong>montis</strong></span> <span class='ocrx_word' id='word_1_96' title='bbox 861 1741 920 1806; x_wconf 91' lang='lat' dir='ltr'><strong>per</strong></span> <span class='ocrx_word' id='word_1_97' title='bbox 936 1720 1038 1805; x_wconf 77' lang='lat' dir='ltr'><strong>Zoym</strong></span> <span class='ocrx_word' id='word_1_98' title='bbox 1055 1719 1099 1785; x_wconf 91' lang='lat' dir='ltr'><strong>ad</strong></span> <span class='ocrx_word' id='word_1_99' title='bbox 1116 1727 1180 1786; x_wconf 87' lang='lat' dir='ltr'><strong>tres</strong></span> <span class='ocrx_word' id='word_1_100' title='bbox 1197 1709 1332 1806; x_wconf 78' lang='lat' dir='ltr'><strong>tontes,</strong></span> 
     </span>
     <span class='ocr_line' id='line_1_13' title="bbox 180 1827 1314 1918; baseline -0.003 -19"><span class='ocrx_word' id='word_1_101' title='bbox 180 1839 216 1899; x_wconf 86' lang='lat' dir='ltr'><strong>et</strong></span> <span class='ocrx_word' id='word_1_102' title='bbox 232 1850 289 1918; x_wconf 91' lang='lat' dir='ltr'><strong>per</strong></span> <span class='ocrx_word' id='word_1_103' title='bbox 306 1830 413 1897; x_wconf 87' lang='lat' dir='ltr'><strong>locum</strong></span> <span class='ocrx_word' id='word_1_104' title='bbox 430 1832 484 1915; x_wconf 88' lang='lat' dir='ltr'><strong>qui</strong></span> <span class='ocrx_word' id='word_1_105' title='bbox 501 1831 600 1914; x_wconf 88' lang='lat' dir='ltr'><strong>uulgo</strong></span> <span class='ocrx_word' id='word_1_106' title='bbox 616 1830 737 1897; x_wconf 89' lang='lat' dir='ltr'><strong>dicitur</strong></span> <span class='ocrx_word' id='word_1_107' title='bbox 752 1829 844 1895; x_wconf 75' lang='lat' dir='ltr'><strong>arni</strong></span> <span class='ocrx_word' id='word_1_108' title='bbox 863 1830 1025 1914; x_wconf 86' lang='lat' dir='ltr'><strong>usquead</strong></span> <span class='ocrx_word' id='word_1_109' title='bbox 1042 1829 1153 1898; x_wconf 86' lang='lat' dir='ltr'><strong>albam</strong></span> <span class='ocrx_word' id='word_1_110' title='bbox 1179 1827 1314 1914; x_wconf 71' lang='lat' dir='ltr'><strong>iugum,</strong></span> 
     </span>
     <span class='ocr_line' id='line_1_14' title="bbox 180 1936 1320 2023; baseline -0.003 -17"><span class='ocrx_word' id='word_1_111' title='bbox 180 1937 305 2006; x_wconf 88' lang='lat' dir='ltr'><strong>deinde</strong></span> <span class='ocrx_word' id='word_1_112' title='bbox 323 1936 525 2006; x_wconf 89' lang='lat' dir='ltr'><strong>descendens</strong></span> <span class='ocrx_word' id='word_1_113' title='bbox 552 1957 666 2004; x_wconf 86' lang='lat' dir='ltr'><strong>uersus</strong></span> <span class='ocrx_word' id='word_1_114' title='bbox 692 1936 859 2004; x_wconf 88' lang='lat' dir='ltr'><strong>meridiem</strong></span> <span class='ocrx_word' id='word_1_115' title='bbox 883 1957 943 2023; x_wconf 90' lang='lat' dir='ltr'><strong>per</strong></span> <span class='ocrx_word' id='word_1_116' title='bbox 969 1936 1132 2022; x_wconf 90' lang='lat' dir='ltr'><strong>quandam</strong></span> <span class='ocrx_word' id='word_1_117' title='bbox 1163 1937 1320 2004; x_wconf 88' lang='lat' dir='ltr'><strong>semitam·</strong></span> 
     </span>
     <span class='ocr_line' id='line_1_15' title="bbox 177 2043 1310 2131; baseline -0.003 -15"><span class='ocrx_word' id='word_1_118' title='bbox 177 2046 325 2129; x_wconf 85' lang='lat' dir='ltr'><strong>signatis</strong></span> <span class='ocrx_word' id='word_1_119' title='bbox 342 2045 489 2112; x_wconf 86' lang='lat' dir='ltr'><strong>crucibus</strong></span> <span class='ocrx_word' id='word_1_120' title='bbox 506 2066 546 2112; x_wconf 85' lang='lat' dir='ltr'><strong>ex</strong></span> <span class='ocrx_word' id='word_1_121' title='bbox 563 2053 700 2129; x_wconf 72' lang='lat' dir='ltr'><strong>unaque</strong></span> <span class='ocrx_word' id='word_1_122' title='bbox 716 2051 811 2130; x_wconf 86' lang='lat' dir='ltr'><strong>parte</strong></span> <span class='ocrx_word' id='word_1_123' title='bbox 826 2045 878 2110; x_wconf 83' lang='lat' dir='ltr'><strong>rie</strong></span> <span class='ocrx_word' id='word_1_124' title='bbox 895 2043 1000 2111; x_wconf 89' lang='lat' dir='ltr'><strong>tendit</strong></span> <span class='ocrx_word' id='word_1_125' title='bbox 1016 2044 1060 2111; x_wconf 89' lang='lat' dir='ltr'><strong>ad</strong></span> <span class='ocrx_word' id='word_1_126' title='bbox 1082 2049 1150 2112; x_wconf 82' lang='lat' dir='ltr'><strong>tres</strong></span> <span class='ocrx_word' id='word_1_127' title='bbox 1176 2043 1310 2131; x_wconf 81' lang='lat' dir='ltr'><strong>dum0a3</strong></span> 
     </span>
     <span class='ocr_line' id='line_1_16' title="bbox 178 2152 1311 2238; baseline -0.001 -17"><span class='ocrx_word' id='word_1_128' title='bbox 178 2154 269 2222; x_wconf 83' lang='lat' dir='ltr'><strong>vnde</strong></span> <span class='ocrx_word' id='word_1_129' title='bbox 285 2152 450 2220; x_wconf 88' lang='lat' dir='ltr'><strong>transiens</strong></span> <span class='ocrx_word' id='word_1_130' title='bbox 466 2152 557 2219; x_wconf 86' lang='lat' dir='ltr'><strong>vadit</strong></span> <span class='ocrx_word' id='word_1_131' title='bbox 573 2153 616 2219; x_wconf 91' lang='lat' dir='ltr'><strong>ud</strong></span> <span class='ocrx_word' id='word_1_132' title='bbox 632 2152 739 2220; x_wconf 92' lang='lat' dir='ltr'><strong>locum</strong></span> <span class='ocrx_word' id='word_1_133' title='bbox 757 2153 820 2237; x_wconf 85' lang='lat' dir='ltr'><strong>rbi,</strong></span> <span class='ocrx_word' id='word_1_134' title='bbox 838 2152 914 2218; x_wconf 92' lang='lat' dir='ltr'><strong>dnm</strong></span> <span class='ocrx_word' id='word_1_135' title='bbox 931 2153 1092 2220; x_wconf 85' lang='lat' dir='ltr'><strong>Ducatnm</strong></span> <span class='ocrx_word' id='word_1_136' title='bbox 1113 2171 1311 2238; x_wconf 78' lang='lat' dir='ltr'><strong>regeremur,</strong></span> 
     </span>
     <span class='ocr_line' id='line_1_17' title="bbox 178 2257 1313 2350; baseline -0.003 -20"><span class='ocrx_word' id='word_1_137' title='bbox 178 2282 298 2350; x_wconf 88' lang='lat' dir='ltr'><strong>aprum</strong></span> <span class='ocrx_word' id='word_1_138' title='bbox 315 2257 545 2346; x_wconf 81' lang='lat' dir='ltr'><strong>interfecimus,</strong></span> <span class='ocrx_word' id='word_1_139' title='bbox 563 2279 601 2326; x_wconf 91' lang='lat' dir='ltr'><strong>ac</strong></span> <span class='ocrx_word' id='word_1_140' title='bbox 619 2261 760 2346; x_wconf 88' lang='lat' dir='ltr'><strong>proprijs</strong></span> <span class='ocrx_word' id='word_1_141' title='bbox 776 2261 928 2328; x_wconf 90' lang='lat' dir='ltr'><strong>manibus</strong></span> <span class='ocrx_word' id='word_1_142' title='bbox 945 2279 1071 2326; x_wconf 88' lang='lat' dir='ltr'><strong>crucem</strong></span> <span class='ocrx_word' id='word_1_143' title='bbox 1102 2261 1137 2328; x_wconf 93' lang='lat' dir='ltr'><strong>in</strong></span> <span class='ocrx_word' id='word_1_144' title='bbox 1166 2261 1313 2345; x_wconf 86' lang='lat' dir='ltr'><strong>quadam·</strong></span> 
     </span>
     <span class='ocr_line' id='line_1_18' title="bbox 178 2365 1323 2456; baseline -0.006 -15"><span class='ocrx_word' id='word_1_145' title='bbox 178 2371 299 2441; x_wconf 86' lang='lat' dir='ltr'><strong>arbore</strong></span> <span class='ocrx_word' id='word_1_146' title='bbox 314 2365 498 2451; x_wconf 85' lang='lat' dir='ltr'><strong>incidimus,</strong></span> <span class='ocrx_word' id='word_1_147' title='bbox 516 2367 608 2434; x_wconf 84' lang='lat' dir='ltr'><strong>iuxta</strong></span> <span class='ocrx_word' id='word_1_148' title='bbox 624 2388 720 2452; x_wconf 89' lang='lat' dir='ltr'><strong>quem</strong></span> <span class='ocrx_word' id='word_1_149' title='bbox 736 2368 843 2435; x_wconf 90' lang='lat' dir='ltr'><strong>locum</strong></span> <span class='ocrx_word' id='word_1_150' title='bbox 859 2376 935 2434; x_wconf 90' lang='lat' dir='ltr'><strong>sunt</strong></span> <span class='ocrx_word' id='word_1_151' title='bbox 950 2375 1034 2434; x_wconf 83' lang='lat' dir='ltr'><strong>mete</strong></span> <span class='ocrx_word' id='word_1_152' title='bbox 1050 2375 1116 2436; x_wconf 87' lang='lat' dir='ltr'><strong>tres</strong></span> <span class='ocrx_word' id='word_1_153' title='bbox 1128 2367 1187 2454; x_wconf 87' lang='lat' dir='ltr'><strong>filij</strong></span> <span class='ocrx_word' id='word_1_154' title='bbox 1202 2369 1323 2456; x_wconf 77' lang='lat' dir='ltr'><strong>Marci,</strong></span> 
     </span>
     <span class='ocr_line' id='line_1_19' title="bbox 177 2473 1313 2562; baseline -0.002 -15"><span class='ocrx_word' id='word_1_155' title='bbox 177 2487 214 2547; x_wconf 90' lang='lat' dir='ltr'><strong>et</strong></span> <span class='ocrx_word' id='word_1_156' title='bbox 230 2477 353 2543; x_wconf 89' lang='lat' dir='ltr'><strong>ducunt</strong></span> <span class='ocrx_word' id='word_1_157' title='bbox 369 2473 412 2540; x_wconf 89' lang='lat' dir='ltr'><strong>ad</strong></span> <span class='ocrx_word' id='word_1_158' title='bbox 428 2473 559 2554; x_wconf 84' lang='lat' dir='ltr'><strong>iontem,</strong></span> <span class='ocrx_word' id='word_1_159' title='bbox 575 2476 667 2541; x_wconf 88' lang='lat' dir='ltr'><strong>cuins</strong></span> <span class='ocrx_word' id='word_1_160' title='bbox 681 2475 806 2542; x_wconf 89' lang='lat' dir='ltr'><strong>rinulus</strong></span> <span class='ocrx_word' id='word_1_161' title='bbox 824 2475 1011 2542; x_wconf 88' lang='lat' dir='ltr'><strong>Raconicba</strong></span> <span class='ocrx_word' id='word_1_162' title='bbox 1036 2484 1252 2562; x_wconf 88' lang='lat' dir='ltr'><strong>nuncupatur,</strong></span> <span class='ocrx_word' id='word_1_163' title='bbox 1280 2487 1313 2545; x_wconf 86' lang='lat' dir='ltr'><strong>et</strong></span> 
     </span>
     <span class='ocr_line' id='line_1_20' title="bbox 178 2582 1310 2674; baseline 0.002 -22"><span class='ocrx_word' id='word_1_164' title='bbox 178 2592 232 2652; x_wconf 88' lang='lat' dir='ltr'><strong>est</strong></span> <span class='ocrx_word' id='word_1_165' title='bbox 247 2605 307 2671; x_wconf 89' lang='lat' dir='ltr'><strong>pro</strong></span> <span class='ocrx_word' id='word_1_166' title='bbox 323 2591 411 2648; x_wconf 91' lang='lat' dir='ltr'><strong>meta</strong></span> <span class='ocrx_word' id='word_1_167' title='bbox 426 2582 626 2651; x_wconf 89' lang='lat' dir='ltr'><strong>descendens</strong></span> <span class='ocrx_word' id='word_1_168' title='bbox 643 2583 779 2651; x_wconf 86' lang='lat' dir='ltr'><strong>iniurius</strong></span> <span class='ocrx_word' id='word_1_169' title='bbox 796 2584 957 2668; x_wconf 87' lang='lat' dir='ltr'><strong>usquead</strong></span> <span class='ocrx_word' id='word_1_170' title='bbox 975 2593 1096 2652; x_wconf 87' lang='lat' dir='ltr'><strong>metam</strong></span> <span class='ocrx_word' id='word_1_171' title='bbox 1121 2593 1272 2674; x_wconf 88' lang='lat' dir='ltr'><strong>terream,</strong></span> <span class='ocrx_word' id='word_1_172' title='bbox 1289 2609 1310 2654; x_wconf 86' lang='lat' dir='ltr'><strong>a</strong></span> 
     </span>
     <span class='ocr_line' id='line_1_21' title="bbox 179 2689 1319 2780; baseline 0 -22"><span class='ocrx_word' id='word_1_173' title='bbox 179 2713 248 2780; x_wconf 86' lang='lat' dir='ltr'><strong>qna</strong></span> <span class='ocrx_word' id='word_1_174' title='bbox 263 2689 434 2758; x_wconf 86' lang='lat' dir='ltr'><strong>descendit</strong></span> <span class='ocrx_word' id='word_1_175' title='bbox 450 2691 580 2757; x_wconf 90' lang='lat' dir='ltr'><strong>rediens</strong></span> <span class='ocrx_word' id='word_1_176' title='bbox 596 2711 710 2760; x_wconf 86' lang='lat' dir='ltr'><strong>uersus</strong></span> <span class='ocrx_word' id='word_1_177' title='bbox 726 2691 943 2775; x_wconf 89' lang='lat' dir='ltr'><strong>occidentem,</strong></span> <span class='ocrx_word' id='word_1_178' title='bbox 974 2699 1006 2758; x_wconf 92' lang='lat' dir='ltr'><strong>et</strong></span> <span class='ocrx_word' id='word_1_179' title='bbox 1022 2693 1110 2759; x_wconf 92' lang='lat' dir='ltr'><strong>ducit</strong></span> <span class='ocrx_word' id='word_1_180' title='bbox 1136 2695 1177 2760; x_wconf 87' lang='lat' dir='ltr'><strong>ad</strong></span> <span class='ocrx_word' id='word_1_181' title='bbox 1210 2694 1319 2780; x_wconf 86' lang='lat' dir='ltr'><strong>predi--</strong></span> 
     </span>
     <span class='ocr_line' id='line_1_22' title="bbox 179 2797 1315 2888; baseline 0.001 -21"><span class='ocrx_word' id='word_1_182' title='bbox 179 2807 268 2867; x_wconf 84' lang='lat' dir='ltr'><strong>etam</strong></span> <span class='ocrx_word' id='word_1_183' title='bbox 286 2817 405 2882; x_wconf 82' lang='lat' dir='ltr'><strong>aquam</strong></span> <span class='ocrx_word' id='word_1_184' title='bbox 421 2797 621 2879; x_wconf 66' lang='lat' dir='ltr'><strong>[rescissum</strong></span> <span class='ocrx_word' id='word_1_185' title='bbox 648 2818 711 2881; x_wconf 85' lang='lat' dir='ltr'><strong>qne</strong></span> <span class='ocrx_word' id='word_1_186' title='bbox 736 2816 823 2884; x_wconf 88' lang='lat' dir='ltr'><strong>aqna</strong></span> <span class='ocrx_word' id='word_1_187' title='bbox 855 2807 903 2866; x_wconf 85' lang='lat' dir='ltr'><strong>est</strong></span> <span class='ocrx_word' id='word_1_188' title='bbox 934 2819 993 2885; x_wconf 94' lang='lat' dir='ltr'><strong>pro</strong></span> <span class='ocrx_word' id='word_1_189' title='bbox 1025 2809 1113 2868; x_wconf 87' lang='lat' dir='ltr'><strong>meta</strong></span> <span class='ocrx_word' id='word_1_190' title='bbox 1143 2801 1315 2888; x_wconf 85' lang='lat' dir='ltr'><strong>usquead</strong></span> 
     </span>
     <span class='ocr_line' id='line_1_23' title="bbox 178 2905 1311 2995; baseline 0.003 -21"><span class='ocrx_word' id='word_1_191' title='bbox 178 2907 287 2995; x_wconf 85' lang='lat' dir='ltr'><strong>primo</strong></span> <span class='ocrx_word' id='word_1_192' title='bbox 303 2905 427 2972; x_wconf 87' lang='lat' dir='ltr'><strong>dictam</strong></span> <span class='ocrx_word' id='word_1_193' title='bbox 443 2912 561 2974; x_wconf 88' lang='lat' dir='ltr'><strong>metum</strong></span> <span class='ocrx_word' id='word_1_194' title='bbox 578 2905 740 2972; x_wconf 78' lang='lat' dir='ltr'><strong>Ducanta</strong></span> <span class='ocrx_word' id='word_1_195' title='bbox 780 2905 995 2974; x_wconf 80' lang='lat' dir='ltr'><strong>Concedimns</strong></span> <span class='ocrx_word' id='word_1_196' title='bbox 1012 2909 1117 2976; x_wconf 84' lang='lat' dir='ltr'><strong>eciam</strong></span> <span class='ocrx_word' id='word_1_197' title='bbox 1134 2917 1166 2976; x_wconf 92' lang='lat' dir='ltr'><strong>et</strong></span> <span class='ocrx_word' id='word_1_198' title='bbox 1198 2909 1311 2977; x_wconf 88' lang='lat' dir='ltr'><strong>confir·</strong></span> 
     </span>
     <span class='ocr_line' id='line_1_24' title="bbox 177 3012 1313 3104; baseline 0.004 -24"><span class='ocrx_word' id='word_1_199' title='bbox 177 3032 307 3081; x_wconf 87' lang='lat' dir='ltr'><strong>mamus</strong></span> <span class='ocrx_word' id='word_1_200' title='bbox 324 3031 404 3097; x_wconf 90' lang='lat' dir='ltr'><strong>sepe</strong></span> <span class='ocrx_word' id='word_1_201' title='bbox 420 3012 505 3078; x_wconf 89' lang='lat' dir='ltr'><strong>dicto</strong></span> <span class='ocrx_word' id='word_1_202' title='bbox 521 3013 642 3080; x_wconf 90' lang='lat' dir='ltr'><strong>Domni</strong></span> <span class='ocrx_word' id='word_1_203' title='bbox 661 3012 780 3080; x_wconf 87' lang='lat' dir='ltr'><strong>llilicie</strong></span> <span class='ocrx_word' id='word_1_204' title='bbox 796 3014 925 3100; x_wconf 84' lang='lat' dir='ltr'><strong>Templi</strong></span> <span class='ocrx_word' id='word_1_205' title='bbox 944 3022 1074 3104; x_wconf 86' lang='lat' dir='ltr'><strong>terram,</strong></span> <span class='ocrx_word' id='word_1_206' title='bbox 1085 3037 1182 3101; x_wconf 85' lang='lat' dir='ltr'><strong>qnam</strong></span> <span class='ocrx_word' id='word_1_207' title='bbox 1194 3017 1313 3084; x_wconf 90' lang='lat' dir='ltr'><strong>Odolla</strong></span> 
     </span>
     <span class='ocr_line' id='line_1_25' title="bbox 177 3117 1321 3206; baseline 0.003 -20"><span class='ocrx_word' id='word_1_208' title='bbox 177 3142 284 3206; x_wconf 89' lang='lat' dir='ltr'><strong>nepos</strong></span> <span class='ocrx_word' id='word_1_209' title='bbox 300 3117 447 3204; x_wconf 88' lang='lat' dir='ltr'><strong>Borichij</strong></span> <span class='ocrx_word' id='word_1_210' title='bbox 465 3119 549 3186; x_wconf 84' lang='lat' dir='ltr'><strong>Bani</strong></span> <span class='ocrx_word' id='word_1_211' title='bbox 566 3140 639 3186; x_wconf 90' lang='lat' dir='ltr'><strong>cnm</strong></span> <span class='ocrx_word' id='word_1_212' title='bbox 656 3119 807 3188; x_wconf 83' lang='lat' dir='ltr'><strong>Ecclesia</strong></span> <span class='ocrx_word' id='word_1_213' title='bbox 822 3122 944 3189; x_wconf 88' lang='lat' dir='ltr'><strong>Sancte</strong></span> <span class='ocrx_word' id='word_1_214' title='bbox 960 3122 1062 3190; x_wconf 82' lang='lat' dir='ltr'><strong>Maris</strong></span> <span class='ocrx_word' id='word_1_215' title='bbox 1078 3127 1111 3191; x_wconf 91' lang='lat' dir='ltr'><strong>in</strong></span> <span class='ocrx_word' id='word_1_216' title='bbox 1123 3123 1229 3194; x_wconf 89' lang='lat' dir='ltr'><strong>medio</strong></span> <span class='ocrx_word' id='word_1_217' title='bbox 1240 3124 1321 3192; x_wconf 85' lang='lat' dir='ltr'><strong>fun·-</strong></span> 
     </span>
     <span class='ocr_line' id='line_1_26' title="bbox 177 3227 1311 3318; baseline 0.004 -22"><span class='ocrx_word' id='word_1_218' title='bbox 177 3227 272 3318; x_wconf 88' lang='lat' dir='ltr'><strong>data,</strong></span> <span class='ocrx_word' id='word_1_219' title='bbox 287 3227 446 3296; x_wconf 88' lang='lat' dir='ltr'><strong>fratribus</strong></span> <span class='ocrx_word' id='word_1_220' title='bbox 463 3227 609 3295; x_wconf 89' lang='lat' dir='ltr'><strong>eiusdem</strong></span> <span class='ocrx_word' id='word_1_221' title='bbox 626 3230 751 3296; x_wconf 86' lang='lat' dir='ltr'><strong>Domus</strong></span> <span class='ocrx_word' id='word_1_222' title='bbox 767 3237 877 3296; x_wconf 89' lang='lat' dir='ltr'><strong>nostro</strong></span> <span class='ocrx_word' id='word_1_223' title='bbox 895 3233 1036 3315; x_wconf 87' lang='lat' dir='ltr'><strong>benigno</strong></span> <span class='ocrx_word' id='word_1_224' title='bbox 1052 3252 1190 3300; x_wconf 86' lang='lat' dir='ltr'><strong>assensu</strong></span> <span class='ocrx_word' id='word_1_225' title='bbox 1201 3253 1311 3316; x_wconf 86' lang='lat' dir='ltr'><strong>croga-</strong></span> 
     </span>
     <span class='ocr_line' id='line_1_27' title="bbox 177 3335 1309 3428; baseline 0.001 -22"><span class='ocrx_word' id='word_1_226' title='bbox 177 3337 235 3422; x_wconf 86' lang='lat' dir='ltr'><strong>nit,</strong></span> <span class='ocrx_word' id='word_1_227' title='bbox 255 3357 329 3404; x_wconf 91' lang='lat' dir='ltr'><strong>cnm</strong></span> <span class='ocrx_word' id='word_1_228' title='bbox 345 3335 442 3403; x_wconf 84' lang='lat' dir='ltr'><strong>terris</strong></span> <span class='ocrx_word' id='word_1_229' title='bbox 458 3335 551 3404; x_wconf 86' lang='lat' dir='ltr'><strong>cultis</strong></span> <span class='ocrx_word' id='word_1_230' title='bbox 568 3343 600 3402; x_wconf 89' lang='lat' dir='ltr'><strong>et</strong></span> <span class='ocrx_word' id='word_1_231' title='bbox 615 3337 758 3426; x_wconf 87' lang='lat' dir='ltr'><strong>incultis,</strong></span> <span class='ocrx_word' id='word_1_232' title='bbox 774 3357 847 3405; x_wconf 92' lang='lat' dir='ltr'><strong>cnm</strong></span> <span class='ocrx_word' id='word_1_233' title='bbox 876 3339 978 3424; x_wconf 85' lang='lat' dir='ltr'><strong>siluis,</strong></span> <span class='ocrx_word' id='word_1_234' title='bbox 1002 3341 1107 3426; x_wconf 86' lang='lat' dir='ltr'><strong>pratis</strong></span> <span class='ocrx_word' id='word_1_235' title='bbox 1133 3349 1166 3409; x_wconf 89' lang='lat' dir='ltr'><strong>et</strong></span> <span class='ocrx_word' id='word_1_236' title='bbox 1195 3341 1309 3428; x_wconf 87' lang='lat' dir='ltr'><strong>vineis,</strong></span> 
     </span>
     <span class='ocr_line' id='line_1_28' title="bbox 177 3441 1309 3532; baseline 0.006 -22"><span class='ocrx_word' id='word_1_237' title='bbox 177 3463 253 3510; x_wconf 91' lang='lat' dir='ltr'><strong>cnm</strong></span> <span class='ocrx_word' id='word_1_238' title='bbox 271 3441 409 3528; x_wconf 83' lang='lat' dir='ltr'><strong>piscinis</strong></span> <span class='ocrx_word' id='word_1_239' title='bbox 427 3450 460 3511; x_wconf 86' lang='lat' dir='ltr'><strong>et</strong></span> <span class='ocrx_word' id='word_1_240' title='bbox 475 3443 594 3510; x_wconf 85' lang='lat' dir='ltr'><strong>ceteris</strong></span> <span class='ocrx_word' id='word_1_241' title='bbox 611 3443 770 3532; x_wconf 87' lang='lat' dir='ltr'><strong>omnibns,</strong></span> <span class='ocrx_word' id='word_1_242' title='bbox 786 3445 871 3514; x_wconf 90' lang='lat' dir='ltr'><strong>sicut</strong></span> <span class='ocrx_word' id='word_1_243' title='bbox 887 3466 958 3514; x_wconf 92' lang='lat' dir='ltr'><strong>cum</strong></span> <span class='ocrx_word' id='word_1_244' title='bbox 976 3449 1072 3516; x_wconf 90' lang='lat' dir='ltr'><strong>certis</strong></span> <span class='ocrx_word' id='word_1_245' title='bbox 1089 3455 1122 3515; x_wconf 87' lang='lat' dir='ltr'><strong>et</strong></span> <span class='ocrx_word' id='word_1_246' title='bbox 1147 3449 1309 3518; x_wconf 86' lang='lat' dir='ltr'><strong>distinctis</strong></span> 
     </span>
     <span class='ocr_line' id='line_1_29' title="bbox 177 3549 1310 3642; baseline 0.006 -25"><span class='ocrx_word' id='word_1_247' title='bbox 177 3551 276 3617; x_wconf 88' lang='lat' dir='ltr'><strong>metis</strong></span> <span class='ocrx_word' id='word_1_248' title='bbox 292 3549 460 3635; x_wconf 87' lang='lat' dir='ltr'><strong>predictus</strong></span> <span class='ocrx_word' id='word_1_249' title='bbox 477 3550 598 3618; x_wconf 90' lang='lat' dir='ltr'><strong>Odolla</strong></span> <span class='ocrx_word' id='word_1_250' title='bbox 613 3553 684 3618; x_wconf 89' lang='lat' dir='ltr'><strong>iure</strong></span> <span class='ocrx_word' id='word_1_251' title='bbox 699 3551 898 3620; x_wconf 88' lang='lat' dir='ltr'><strong>hereditario</strong></span> <span class='ocrx_word' id='word_1_252' title='bbox 914 3555 1070 3642; x_wconf 87' lang='lat' dir='ltr'><strong>possedit,</strong></span> <span class='ocrx_word' id='word_1_253' title='bbox 1088 3565 1121 3624; x_wconf 90' lang='lat' dir='ltr'><strong>et</strong></span> <span class='ocrx_word' id='word_1_254' title='bbox 1137 3556 1230 3624; x_wconf 91' lang='lat' dir='ltr'><strong>nobis</strong></span> <span class='ocrx_word' id='word_1_255' title='bbox 1240 3577 1310 3641; x_wconf 84' lang='lat' dir='ltr'><strong>pre·</strong></span> 
     </span>
     <span class='ocr_line' id='line_1_30' title="bbox 176 3657 1313 3745; baseline 0.009 -19"><span class='ocrx_word' id='word_1_256' title='bbox 176 3657 329 3726; x_wconf 85' lang='lat' dir='ltr'><strong>sentibus</strong></span> <span class='ocrx_word' id='word_1_257' title='bbox 344 3657 434 3723; x_wconf 92' lang='lat' dir='ltr'><strong>nullo</strong></span> <span class='ocrx_word' id='word_1_258' title='bbox 451 3657 693 3727; x_wconf 87' lang='lat' dir='ltr'><strong>contradicente</strong></span> <span class='ocrx_word' id='word_1_259' title='bbox 708 3679 767 3745; x_wconf 90' lang='lat' dir='ltr'><strong>pro</strong></span> <span class='ocrx_word' id='word_1_260' title='bbox 783 3659 926 3729; x_wconf 90' lang='lat' dir='ltr'><strong>remedio</strong></span> <span class='ocrx_word' id='word_1_261' title='bbox 943 3664 1053 3731; x_wconf 89' lang='lat' dir='ltr'><strong>anime</strong></span> <span class='ocrx_word' id='word_1_262' title='bbox 1069 3685 1128 3733; x_wconf 88' lang='lat' dir='ltr'><strong>sue</strong></span> <span class='ocrx_word' id='word_1_263' title='bbox 1147 3667 1313 3736; x_wconf 92' lang='lat' dir='ltr'><strong>condona·</strong></span> 
     </span>
     <span class='ocr_line' id='line_1_31' title="bbox 177 3765 1311 3856; baseline 0.008 -23"><span class='ocrx_word' id='word_1_264' title='bbox 177 3766 246 3850; x_wconf 88' lang='lat' dir='ltr'><strong>nit;</strong></span> <span class='ocrx_word' id='word_1_265' title='bbox 272 3775 392 3832; x_wconf 87' lang='lat' dir='ltr'><strong>terram</strong></span> <span class='ocrx_word' id='word_1_266' title='bbox 409 3782 537 3848; x_wconf 87' lang='lat' dir='ltr'><strong>qnoque</strong></span> <span class='ocrx_word' id='word_1_267' title='bbox 553 3765 717 3850; x_wconf 85' lang='lat' dir='ltr'><strong>quandam</strong></span> <span class='ocrx_word' id='word_1_268' title='bbox 733 3767 768 3832; x_wconf 90' lang='lat' dir='ltr'><strong>in</strong></span> <span class='ocrx_word' id='word_1_269' title='bbox 784 3767 954 3856; x_wconf 88' lang='lat' dir='ltr'><strong>Wodicha,</strong></span> <span class='ocrx_word' id='word_1_270' title='bbox 972 3792 1069 3856; x_wconf 90' lang='lat' dir='ltr'><strong>quam</strong></span> <span class='ocrx_word' id='word_1_271' title='bbox 1085 3772 1201 3842; x_wconf 91' lang='lat' dir='ltr'><strong>Domui</strong></span> <span class='ocrx_word' id='word_1_272' title='bbox 1216 3773 1311 3842; x_wconf 77' lang='lat' dir='ltr'><strong>&#39;fem-</strong></span> 
     </span>
     <span class='ocr_line' id='line_1_32' title="bbox 178 3871 1309 3966; baseline 0.009 -25"><span class='ocrx_word' id='word_1_273' title='bbox 178 3873 228 3960; x_wconf 94' lang='lat' dir='ltr'><strong>pli</strong></span> <span class='ocrx_word' id='word_1_274' title='bbox 246 3871 435 3958; x_wconf 83' lang='lat' dir='ltr'><strong>Stephanus</strong></span> <span class='ocrx_word' id='word_1_275' title='bbox 451 3873 535 3940; x_wconf 91' lang='lat' dir='ltr'><strong>bone</strong></span> <span class='ocrx_word' id='word_1_276' title='bbox 550 3872 703 3940; x_wconf 89' lang='lat' dir='ltr'><strong>memorie</strong></span> <span class='ocrx_word' id='word_1_277' title='bbox 719 3873 835 3942; x_wconf 79' lang='lat' dir='ltr'><strong>Comes</strong></span> <span class='ocrx_word' id='word_1_278' title='bbox 855 3873 897 3942; x_wconf 89' lang='lat' dir='ltr'><strong>de</strong></span> <span class='ocrx_word' id='word_1_279' title='bbox 921 3876 1038 3945; x_wconf 83' lang='lat' dir='ltr'><strong>Gorira</strong></span> <span class='ocrx_word' id='word_1_280' title='bbox 1064 3884 1211 3966; x_wconf 84' lang='lat' dir='ltr'><strong>erogauit</strong></span> <span class='ocrx_word' id='word_1_281' title='bbox 1237 3906 1309 3952; x_wconf 89' lang='lat' dir='ltr'><strong>cum</strong></span> 
     </span>
     <span class='ocr_line' id='line_1_33' title="bbox 177 3979 1308 4069; baseline 0.009 -21"><span class='ocrx_word' id='word_1_282' title='bbox 177 3983 252 4048; x_wconf 89' lang='lat' dir='ltr'><strong>suis</strong></span> <span class='ocrx_word' id='word_1_283' title='bbox 269 3981 364 4047; x_wconf 87' lang='lat' dir='ltr'><strong>melis</strong></span> <span class='ocrx_word' id='word_1_284' title='bbox 381 3987 414 4046; x_wconf 88' lang='lat' dir='ltr'><strong>et</strong></span> <span class='ocrx_word' id='word_1_285' title='bbox 429 3979 527 4048; x_wconf 89' lang='lat' dir='ltr'><strong>certis</strong></span> <span class='ocrx_word' id='word_1_286' title='bbox 542 3981 763 4069; x_wconf 79' lang='lat' dir='ltr'><strong>pertinenciis,</strong></span> <span class='ocrx_word' id='word_1_287' title='bbox 781 3984 867 4050; x_wconf 89' lang='lat' dir='ltr'><strong>sicut</strong></span> <span class='ocrx_word' id='word_1_288' title='bbox 882 3983 965 4052; x_wconf 87' lang='lat' dir='ltr'><strong>iuste</strong></span> <span class='ocrx_word' id='word_1_289' title='bbox 982 3991 1015 4053; x_wconf 91' lang='lat' dir='ltr'><strong>et</strong></span> <span class='ocrx_word' id='word_1_290' title='bbox 1031 3987 1210 4057; x_wconf 88' lang='lat' dir='ltr'><strong>uicinorum</strong></span> <span class='ocrx_word' id='word_1_291' title='bbox 1228 3993 1308 4058; x_wconf 91' lang='lat' dir='ltr'><strong>noti·</strong></span> 
     </span>
     <span class='ocr_line' id='line_1_34' title="bbox 178 4086 1309 4178; baseline 0.008 -24"><span class='ocrx_word' id='word_1_292' title='bbox 178 4089 233 4155; x_wconf 90' lang='lat' dir='ltr'><strong>oia</strong></span> <span class='ocrx_word' id='word_1_293' title='bbox 250 4088 314 4175; x_wconf 89' lang='lat' dir='ltr'><strong>ipsi</strong></span> <span class='ocrx_word' id='word_1_294' title='bbox 333 4086 451 4154; x_wconf 86' lang='lat' dir='ltr'><strong>iratres</strong></span> <span class='ocrx_word' id='word_1_295' title='bbox 467 4088 603 4173; x_wconf 88' lang='lat' dir='ltr'><strong>pacifice</strong></span> <span class='ocrx_word' id='word_1_296' title='bbox 619 4087 797 4178; x_wconf 85' lang='lat' dir='ltr'><strong>possident,</strong></span> <span class='ocrx_word' id='word_1_297' title='bbox 814 4090 861 4156; x_wconf 89' lang='lat' dir='ltr'><strong>ita</strong></span> <span class='ocrx_word' id='word_1_298' title='bbox 876 4093 924 4159; x_wconf 91' lang='lat' dir='ltr'><strong>eis</strong></span> <span class='ocrx_word' id='word_1_299' title='bbox 944 4094 1151 4161; x_wconf 87' lang='lat' dir='ltr'><strong>concedimus</strong></span> <span class='ocrx_word' id='word_1_300' title='bbox 1177 4109 1210 4166; x_wconf 88' lang='lat' dir='ltr'><strong>et</strong></span> <span class='ocrx_word' id='word_1_301' title='bbox 1236 4116 1309 4164; x_wconf 89' lang='lat' dir='ltr'><strong>con-</strong></span> 
     </span>
     <span class='ocr_line' id='line_1_35' title="bbox 176 4193 1309 4284; baseline 0.009 -20"><span class='ocrx_word' id='word_1_302' title='bbox 176 4199 357 4264; x_wconf 87' lang='lat' dir='ltr'><strong>firmamus.</strong></span> <span class='ocrx_word' id='word_1_303' title='bbox 369 4193 504 4262; x_wconf 80' lang='lat' dir='ltr'><strong>Terram</strong></span> <span class='ocrx_word' id='word_1_304' title='bbox 521 4194 663 4281; x_wconf 85' lang='lat' dir='ltr'><strong>insuper,</strong></span> <span class='ocrx_word' id='word_1_305' title='bbox 682 4217 777 4281; x_wconf 86' lang='lat' dir='ltr'><strong>quam</strong></span> <span class='ocrx_word' id='word_1_306' title='bbox 794 4217 874 4284; x_wconf 89' lang='lat' dir='ltr'><strong>sepe</strong></span> <span class='ocrx_word' id='word_1_307' title='bbox 890 4197 975 4266; x_wconf 90' lang='lat' dir='ltr'><strong>dicte</strong></span> <span class='ocrx_word' id='word_1_308' title='bbox 991 4200 1109 4270; x_wconf 91' lang='lat' dir='ltr'><strong>Domui</strong></span> <span class='ocrx_word' id='word_1_309' title='bbox 1125 4203 1309 4273; x_wconf 88' lang='lat' dir='ltr'><strong>Damaldns</strong></span> 
     </span>
     <span class='ocr_line' id='line_1_36' title="bbox 178 4299 1311 4394; baseline 0.009 -22"><span class='ocrx_word' id='word_1_310' title='bbox 178 4306 297 4372; x_wconf 87' lang='lat' dir='ltr'><strong>Comes</strong></span> <span class='ocrx_word' id='word_1_311' title='bbox 314 4303 347 4368; x_wconf 92' lang='lat' dir='ltr'><strong>in</strong></span> <span class='ocrx_word' id='word_1_312' title='bbox 365 4299 527 4370; x_wconf 79' lang='lat' dir='ltr'><strong>Comitatu</strong></span> <span class='ocrx_word' id='word_1_313' title='bbox 545 4302 586 4369; x_wconf 93' lang='lat' dir='ltr'><strong>de</strong></span> <span class='ocrx_word' id='word_1_314' title='bbox 603 4304 722 4372; x_wconf 68' lang='lat' dir='ltr'><strong>(lorica</strong></span> <span class='ocrx_word' id='word_1_315' title='bbox 738 4305 844 4394; x_wconf 86' lang='lat' dir='ltr'><strong>sitam,</strong></span> <span class='ocrx_word' id='word_1_316' title='bbox 861 4328 920 4392; x_wconf 95' lang='lat' dir='ltr'><strong>pro</strong></span> <span class='ocrx_word' id='word_1_317' title='bbox 938 4309 1080 4376; x_wconf 89' lang='lat' dir='ltr'><strong>remedio</strong></span> <span class='ocrx_word' id='word_1_318' title='bbox 1112 4313 1220 4378; x_wconf 89' lang='lat' dir='ltr'><strong>anime</strong></span> <span class='ocrx_word' id='word_1_319' title='bbox 1252 4335 1311 4382; x_wconf 86' lang='lat' dir='ltr'><strong>sne</strong></span> 
     </span>
     <span class='ocr_line' id='line_1_37' title="bbox 178 4410 1321 4503; baseline 0.01 -25"><span class='ocrx_word' id='word_1_320' title='bbox 178 4411 327 4498; x_wconf 91' lang='lat' dir='ltr'><strong>donauit,</strong></span> <span class='ocrx_word' id='word_1_321' title='bbox 346 4430 418 4477; x_wconf 92' lang='lat' dir='ltr'><strong>oum</strong></span> <span class='ocrx_word' id='word_1_322' title='bbox 436 4410 504 4477; x_wconf 90' lang='lat' dir='ltr'><strong>suis</strong></span> <span class='ocrx_word' id='word_1_323' title='bbox 521 4411 616 4478; x_wconf 87' lang='lat' dir='ltr'><strong>certis</strong></span> <span class='ocrx_word' id='word_1_324' title='bbox 633 4413 727 4481; x_wconf 88' lang='lat' dir='ltr'><strong>metis</strong></span> <span class='ocrx_word' id='word_1_325' title='bbox 745 4420 778 4481; x_wconf 86' lang='lat' dir='ltr'><strong>et</strong></span> <span class='ocrx_word' id='word_1_326' title='bbox 794 4415 1015 4503; x_wconf 85' lang='lat' dir='ltr'><strong>pertinencijs,</strong></span> <span class='ocrx_word' id='word_1_327' title='bbox 1040 4427 1075 4486; x_wconf 86' lang='lat' dir='ltr'><strong>rt</strong></span> <span class='ocrx_word' id='word_1_328' title='bbox 1101 4425 1189 4486; x_wconf 83' lang='lat' dir='ltr'><strong>stare</strong></span> <span class='ocrx_word' id='word_1_329' title='bbox 1220 4422 1321 4490; x_wconf 78' lang='lat' dir='ltr'><strong>diuo·-</strong></span> 
     </span>
     <span class='ocr_line' id='line_1_38' title="bbox 177 4517 1310 4604; baseline 0.008 -16"><span class='ocrx_word' id='word_1_330' title='bbox 177 4524 323 4604; x_wconf 85' lang='lat' dir='ltr'><strong>scontur,</strong></span> <span class='ocrx_word' id='word_1_331' title='bbox 339 4518 495 4588; x_wconf 82' lang='lat' dir='ltr'><strong>fratribus</strong></span> <span class='ocrx_word' id='word_1_332' title='bbox 510 4517 614 4603; x_wconf 88' lang='lat' dir='ltr'><strong>ipsius</strong></span> <span class='ocrx_word' id='word_1_333' title='bbox 630 4521 754 4589; x_wconf 91' lang='lat' dir='ltr'><strong>Domus</strong></span> <span class='ocrx_word' id='word_1_334' title='bbox 769 4524 976 4592; x_wconf 89' lang='lat' dir='ltr'><strong>concedimus</strong></span> <span class='ocrx_word' id='word_1_335' title='bbox 1008 4535 1042 4594; x_wconf 88' lang='lat' dir='ltr'><strong>et</strong></span> <span class='ocrx_word' id='word_1_336' title='bbox 1071 4529 1310 4599; x_wconf 84' lang='lat' dir='ltr'><strong>confirmamus.</strong></span> 
     </span>
     <span class='ocr_line' id='line_1_39' title="bbox 179 4623 1311 4718; baseline 0.012 -25"><span class='ocrx_word' id='word_1_337' title='bbox 179 4623 397 4693; x_wconf 83' lang='lat' dir='ltr'><strong>Goncedimns</strong></span> <span class='ocrx_word' id='word_1_338' title='bbox 421 4633 532 4692; x_wconf 87' lang='lat' dir='ltr'><strong>autem</strong></span> <span class='ocrx_word' id='word_1_339' title='bbox 564 4635 597 4692; x_wconf 84' lang='lat' dir='ltr'><strong>et</strong></span> <span class='ocrx_word' id='word_1_340' title='bbox 628 4626 854 4699; x_wconf 87' lang='lat' dir='ltr'><strong>confirmamus</strong></span> <span class='ocrx_word' id='word_1_341' title='bbox 886 4633 967 4718; x_wconf 89' lang='lat' dir='ltr'><strong>ipsis</strong></span> <span class='ocrx_word' id='word_1_342' title='bbox 999 4635 1154 4706; x_wconf 82' lang='lat' dir='ltr'><strong>iratribus</strong></span> <span class='ocrx_word' id='word_1_343' title='bbox 1186 4639 1311 4707; x_wconf 85' lang='lat' dir='ltr'><strong>Milicie</strong></span> 
     </span>
     <span class='ocr_line' id='line_1_40' title="bbox 178 4733 1316 4830; baseline 0.014 -27"><span class='ocrx_word' id='word_1_344' title='bbox 178 4734 309 4821; x_wconf 79' lang='lat' dir='ltr'><strong>&#39;l&#39;empli</strong></span> <span class='ocrx_word' id='word_1_345' title='bbox 324 4733 368 4800; x_wconf 87' lang='lat' dir='ltr'><strong>ad</strong></span> <span class='ocrx_word' id='word_1_346' title='bbox 383 4753 496 4821; x_wconf 88' lang='lat' dir='ltr'><strong>preces</strong></span> <span class='ocrx_word' id='word_1_347' title='bbox 514 4735 625 4803; x_wconf 81' lang='lat' dir='ltr'><strong>fratris</strong></span> <span class='ocrx_word' id='word_1_348' title='bbox 643 4733 784 4805; x_wconf 76' lang='lat' dir='ltr'><strong>cononis</strong></span> <span class='ocrx_word' id='word_1_349' title='bbox 810 4738 960 4826; x_wconf 76' lang='lat' dir='ltr'><strong>Magistri</strong></span> <span class='ocrx_word' id='word_1_350' title='bbox 987 4763 1106 4830; x_wconf 86' lang='lat' dir='ltr'><strong>eornm,</strong></span> <span class='ocrx_word' id='word_1_351' title='bbox 1133 4748 1316 4819; x_wconf 87' lang='lat' dir='ltr'><strong>seruicium</strong></span> 
     </span>
    </p>
   </div>
   <div class='ocr_carea' id='block_1_5' title="bbox 0 0 1596 5200">
    <p class='ocr_par' dir='ltr' id='par_1_5' title="bbox 0 0 1596 5200">
     <span class='ocr_line' id='line_1_41' title="bbox 0 0 1596 5200; baseline 0 0"><span class='ocrx_word' id='word_1_352' title='bbox 0 0 1596 5200; x_wconf 95' lang='lat' dir='ltr'><strong> </strong></span> 
     </span>
    </p>
   </div>
  </div>
 </body>
</html>
