3116 5178
878 907 955 978 268.

338 1103 468 1172 detecte
484 1106 670 1174 sclavonici
684 1107 746 1173 bdu
762 1105 883 1174 Milite
898 1105 1057 1176 Hodioalo
1065 1108 1186 1192 fiducie
1203 1110 1265 1176 oda
1282 1109 1359 1177 iecit
1387 1108 1481 1196 Scep
1552 1057 1553 1078 ἢ

724 1216 820 1283 nicia
834 1217 1002 1302 helyedpct.
1023 1216 1121 1282 1252.

456 1409 525 1477 Nos
556 1409 743 1495 Stephanus
767 1409 878 1477 Banus
917 1411 1020 1478 tocius
1052 1410 1224 1480 Sclavenie
1254 1412 1479 1499 significamus

347 1515 509 1587 universis
538 1538 674 1606 presens
689 1519 861 1604 scriptum
891 1517 1108 1606 inspecturis:
1140 1519 1227 1606 quod
1257 1541 1331 1589 cum
1348 1542 1411 1589 nos
1440 1538 1479 1586 ex
1553 1513 1555 1606 ]

347 1631 500 1712 precepto
522 1624 644 1692 domini
659 1623 749 1704 Bele,
766 1625 900 1694 illustris
914 1626 1015 1711 Regis
1030 1625 1184 1712 Vngarie,
1198 1636 1302 1695 terras
1319 1625 1433 1695 (lustri
1447 1628 1479 1694 in
1553 1617 1555 1695 ζ

343 1736 416 1799 tota
430 1731 655 1814 Sclauonia,a
686 1740 832 1819 tempore
863 1731 1033 1802 Colomeni
1047 1734 1159 1821 Regis,
1185 1733 1289 1803 felicis
1313 1737 1479 1821 memorie,
1553 1757 1554 1762 ¹

347 1838 519 1926 alienatae,
551 1839 734 1907 indicantes
766 1839 883 1906 Castro
898 1841 1167 1925 restitueremus3
1192 1841 1327 1910 tandem
1344 1842 1478 1926 quidam
1553 1837 1556 1868 ²

347 1944 538 2030 iobagiones
569 1944 674 2014 castri
707 1945 948 2033 Zagrabiensis,
979 1946 1143 2032 quandam
1174 1953 1293 2015 terram
1333 1948 1478 2035 Nicolai,
1555 1999 1556 2002 ,

346 2053 405 2119 tilii
421 2051 574 2121 Hndizlai
590 2051 772 2138 Scepnicha
803 2053 1013 2136 nominatam,
1044 2053 1176 2123 racione
1201 2053 1306 2122 castri
1330 2056 1480 2124 rcambu·

346 2160 515 2246 laverant,
553 2160 700 2228 dicentes
732 2185 739 2227 :
779 2159 870 2228 illam
902 2157 1009 2228 Castri
1042 2159 1142 2228 inisse
1189 2162 1377 2248 memorati,
1419 2163 1480 2230 sed
1555 2232 1557 2258 ἲ

330 2285 404 2350 per
435 2267 571 2338 eundem
603 2273 806 2356 occupatam.
836 2268 992 2336 Nicotaus
1024 2274 1133 2337 autem
1160 2268 1347 2338 antedictus
1363 2287 1477 2336 coram

330 2372 440 2454 *nobis
470 2374 661 2462 consistens,
693 2374 785 2441 illam
803 2383 921 2442 terram
937 2393 1029 2442 suam
1045 2373 1280 2443 hereditariam
1295 2373 1366 2443 fone
1381 2395 1478 2442 asse-

346 2480 449 2562 rebat,
465 2479 650 2548 huiuamodi
667 2481 842 2550 ostendens
875 2480 1059 2549 evidentem
1089 2481 1254 2550 racionem
1269 2483 1312 2550 de
1327 2483 1375 2550 rei
1391 2485 1478 2551 veri-

345 2594 423 2669 tate,
455 2583 543 2670 quod
574 2588 650 2682 olim
683 2586 779 2672 Opnd
810 2589 921 2656 Barrus
952 2595 1072 2656 terram
1102 2588 1195 2655 illam
1223 2589 1416 2675 ignoranter
1434 2593 1477 2656 ab

346 2700 458 2762 attavo
473 2696 617 2763 eiusdem
634 2702 703 2761 tum
719 2702 919 2781 occupasset,
931 2695 1148 2781 postmodum,
1159 2696 1242 2763 scite
1257 2699 1307 2763 rei
1320 2697 1476 2783 veritate,

345 2807 516 2872 restituere
546 2804 736 2891 procuravit
766 2803 899 2870 nomine
923 2823 982 2872 ane
997 2801 1194 2873 hereditarie
1210 2828 1218 2891 ς
1236 2803 1476 2892 pocteacciam

344 2913 431 2980 idem
463 2911 632 2997 Nicolaus,
666 2911 796 2995 qnando
826 2910 889 2978 fnit
919 2912 1085 2999 orphanus
1132 2911 1250 2998 sactus,
1281 2919 1370 2978 terra
1399 2931 1473 2996 pre·

345 3021 513 3088 nominata
543 3020 587 3086 ab
620 3039 658 3087 eo
690 3024 759 3084 erat
790 3018 945 3104 alienata,
970 3025 1004 3086 et
1033 3020 1067 3086 in
1099 3038 1215 3086 manus
1258 3016 1475 3103 quorumdam

343 3127 555 3212 iobagionum
572 3124 678 3194 (lustri
695 3125 929 3210 Zagrabiensis
950 3125 1121 3212 devoluta;
1149 3146 1248 3210 quam
1265 3136 1387 3192 terram
1402 3127 1477 3212 ipso

344 3234 388 3302 ad
403 3242 523 3302 etatem
539 3232 751 3302 discrecionis
767 3234 1021 3321 perveniente,a
1036 3231 1221 3302 memoratis
1238 3232 1472 3317 iobagionibus
1514 3292 1523 3308 ,

343 3343 459 3428 Oastvi,
498 3362 635 3428 qnorum
680 3340 815 3408 nomina
844 3341 880 3407 in
910 3340 1027 3408 litteris
1069 3339 1210 3428 Capituli
1239 3339 1475 3426 Zagrabicnsis

342 3457 374 3516 et
389 3449 524 3535 Jonncc,
540 3456 616 3516 tnnc
634 3449 768 3516 Oomilis
785 3448 1021 3533 Zagrabiensis
1038 3452 1071 3514 et
1102 3444 1273 3535 Vieebani,
1306 3448 1475 3516 contineu-

341 3563 404 3641 tur,
434 3557 522 3624 insto
554 3555 758 3624 vendicionis
788 3556 884 3623 titulo
909 3553 1144 3642 perpetualiter
1160 3554 1223 3621 sibi
1238 3551 1473 3640 possidendam

340 3663 553 3749 comparavit.
604 3665 745 3731 Litteras
793 3662 938 3730 eiusdem
985 3661 1129 3748 Capituli
1176 3661 1414 3748 Zagrabiensie
1438 3670 1472 3730 et

340 3774 465 3842 Joaucc
497 3769 633 3840 comitis
648 3770 806 3838 antedicti
832 3771 926 3838 nobis
943 3768 1173 3858 presentando‚
1190 3771 1223 3838 in
1248 3771 1367 3853 quibus
1383 3773 1473 3839 inve-

339 3881 458 3968 nimus,
484 3897 563 3966 sepe
588 3879 709 3948 dictam
725 3885 845 3947 terram
862 3901 882 3947 a
898 3879 996 3946 dictis
1012 3879 1242 3963 iobegionibns
1258 3880 1366 3948 Gastri
1384 3899 1473 3964 emp·

339 3989 442 4058 cionis
459 3989 554 4056 titulo
570 3986 815 4055 racionabiliter
830 3986 892 4054 sibi
909 3994 1144 4073 comparatam.
1161 3987 1228 4054 Nos
1259 3985 1371 4071 igitur,
1404 3995 1473 4053 tum

339 4103 471 4181 propter
485 4095 548 4162 hoc
564 4093 651 4178 quod
668 4095 702 4161 in
720 4093 838 4162 litteris
870 4093 1014 4181 Capituli
1030 4099 1062 4160 et
1077 4092 1203 4162 Joance
1220 4093 1356 4162 Comitis
1374 4093 1471 4160 huius

340 4203 389 4268 rei
405 4201 590 4269 invenimus
607 4200 788 4287 veritatem,
798 4205 866 4267 tum
883 4201 984 4269 eciam
1002 4206 1134 4286 propter
1149 4198 1221 4285 hoc,
1238 4198 1325 4281 quod
1341 4201 1471 4269 occulta

326 4307 555 4393 inquisicione
571 4331 592 4376 a
606 4308 769 4400 nobilibus
785 4308 889 4391 Regni
907 4307 1134 4376 certitudinem
1149 4305 1224 4375 inde
1240 4307 1468 4393 repperimns;

322 4414 440 4502 ,ipsam
471 4421 592 4484 terram
623 4416 790 4503 sepedicto
820 4415 956 4484 Nicolao
988 4435 1028 4483 ac
1059 4413 1206 4484 eiusdem
1223 4415 1469 4482 successoribus

322 4523 525 4607 ,reliquimus
573 4523 643 4591 iure
688 4522 887 4592 hereditario
933 4519 1174 4610 possidendam.
1224 4521 1328 4616 lictae
1358 4527 1467 4587 antem

1554 2261 1557 2386 l
