3228 5198
573 353 734 476 433—

1 660 2 663 Ἴ
85 588 157 639 mus
172 576 207 638 et
222 569 467 655 laboraremus3
497 577 646 656 pretereo
677 569 917 638 indefectibiles
933 576 1053 666 grates,
1070 576 1210 640 nostros·

1 733 2 754 2
85 701 147 764 que
162 679 301 748 nuncios
312 699 442 764 semper
452 700 515 744 non
527 679 703 745 honorifice
720 671 919 746 tractavistis
936 687 1101 764 tamquam
1117 701 1213 766 saga·

90 789 184 872 citer,
217 807 312 854 omne
328 788 500 854 consilium
517 785 721 854 exhibuistis.
753 784 847 864 Quod
863 786 947 852 idem
965 807 1040 856 vero
1066 788 1220 855 honoriti-

83 894 213 962 centius
230 902 328 978 atque
342 894 494 977 sagacius
505 893 578 960 huic
593 899 703 960 nostro
720 893 839 978 legato,
859 894 904 960 uti
929 894 1092 962 nobismet
1106 893 1218 982 ipsi(s)

84 1003 246 1071 exhibere
277 1005 426 1090 petimus.
459 1002 588 1086 Quippe
619 1021 699 1068 vera
730 999 862 1068 dilectio
898 1022 962 1069 non
994 1022 1073 1070 voce
1097 1004 1213 1087 solum,

82 1111 144 1178 sed
178 1111 277 1178 etiam
309 1131 407 1196 opere
435 1108 625 1177 ostenditur.
649 1110 783 1177 Amicus
815 1129 953 1195 namque
968 1109 1001 1176 in
1018 1110 1213 1178 necessitate

1 1234 2 1239 ’
83 1219 254 1306 probatur.

193 1326 431 1393 Conuenientia
448 1327 603 1412 amicitie,
618 1345 682 1412 que
697 1327 787 1394 facta
804 1332 854 1392 est
869 1325 953 1393 inter
970 1307 1090 1411 Regem
1112 1325 1221 1418 Ungu-

1 1455 2 1506 t
78 1455 191 1502 rernm
209 1454 250 1500 ac
271 1434 395 1501 Ducem
410 1433 628 1500 Venetorum:

1 1606 2 1632 ,
194 1544 264 1627 Ego
295 1543 492 1611 Golomanus
517 1541 726 1626 Ungarcrum
759 1545 827 1610 Rex
844 1563 903 1628 per
918 1551 1036 1610 memet
1061 1544 1166 1629 ipsum
1184 1550 1216 1609 et

1 1689 2 1699 .
78 1673 138 1736 per
154 1670 248 1716 meos
280 1669 402 1737 omnes,
420 1655 526 1718 tecum
557 1650 676 1718 Vitatis
692 1651 833 1718 Michael
864 1652 1013 1738 Venetia,
1039 1652 1218 1739 Dalmatia,

1 1825 2 1848 Σ
78 1758 240 1827 Obroatis
258 1758 342 1844 Dux,
358 1766 389 1824 et
406 1761 530 1826 cunctis
547 1759 694 1825 omnibns
720 1755 967 1846 tOptimatibus)
985 1778 1095 1826 veram
1111 1765 1144 1824 et
1159 1756 1211 1822 tir-

1 1876 2 1916 ῑ
76 1887 168 1932 mam
186 1866 367 1932 amicitiam
385 1873 485 1948 atque
517 1865 725 1934 concordiam
741 1865 784 1932 ab
803 1864 865 1933 hoc
882 1865 936 1931 die
953 1866 987 1930 in
1014 1865 1212 1933 anteaobti·
1251 1849 1254 1866 ’
1291 1861 1296 1870 “

1 1971 2 2024 i
77 1975 176 2059 nebu,
205 1981 238 2042 ct
263 1980 351 2042 teac
375 1982 459 2060 tuos,
477 1982 508 2042 ct
524 1984 657 2042 cunetas
690 1973 848 2041 Civitates
880 1973 1043 2041 subiectas
1075 1971 1216 2041 Ducatui

77 2094 146 2166 tuo,
166 2087 202 2148 et
217 2081 327 2147 omnia
346 2081 481 2148 castella
498 2102 536 2146 ac
553 2081 626 2148 loca
654 2081 788 2148 subdita
804 2087 836 2145 et
852 2079 1037 2146 obedientia
1062 2080 1216 2164 potestati

1 2193 2 2270 ζ
76 2197 148 2277 tue,
163 2209 225 2273 per
240 2209 293 2256 me
309 2196 409 2274 etper
421 2209 510 2257 meos
527 2189 737 2274 conservabo,
755 2196 786 2254 et
797 2187 883 2254 nutto
899 2187 995 2253 modo
1012 2187 1211 2270 inquietabo.
1318 2269 1321 2280 Ι

1 2320 3 2359 r
77 2298 122 2364 Et
138 2297 168 2365 si
187 2296 310 2382 aliquis
327 2315 368 2364 ex
383 2299 464 2365 meis
482 2296 622 2381 aliquem
639 2302 782 2364 vestrum
808 2294 886 2362 soris
903 2295 1017 2362 fecerit
1033 2303 1091 2360 aut
1109 2297 1208 2362 offen-

79 2405 181 2492 derit,
198 2425 240 2471 ac
257 2405 459 2489 incognitum
475 2407 583 2491 fuerit,
601 2405 685 2470 inira
701 2403 771 2470 dies
789 2401 923 2488 triginta
939 2402 1130 2470 emendabo.
1147 2403 1217 2470 Hec

75 2513 192 2579 omnia
209 2533 270 2599 per
285 2519 523 2579 sacramentum
541 2519 616 2581 sunt
632 2511 825 2579 confirmata
840 2529 880 2579 ao
893 2511 1100 2580 confederata
1116 2530 1215 2594 equa·

76 2621 103 2688 ti
120 2622 315 2688 conditione
330 2624 371 2688 ab
389 2629 528 2706 utraque
544 2629 647 2710 parte.

190 2727 257 2796 Sed
288 2735 398 2796 tamen
430 2729 509 2816 quin
539 2729 572 2796 in
588 2729 796 2815 Principibus
815 2726 895 2794 meis
913 2733 945 2795 et
960 2728 1109 2796 sensibus
1125 2727 1217 2796 dttbi·

79 2857 134 2902 nm
166 2837 306 2924 videtur,
322 2843 430 2905 utrum
461 2839 584 2904 Ducem
611 2845 643 2904 te
668 2835 820 2903 Chroatie
852 2843 951 2919 atque
981 2835 1145 2902 Dalmatio
1162 2857 1217 2902 no·

76 2944 291 3028 minaverim3
307 2945 394 3032 volo,
409 2946 507 3012 immo
524 2944 684 3029 desidero,
698 2965 758 3030 pro
773 2944 946 3028 servanda,
958 2943 1044 3010 sicut
1059 2949 1216 3010 statutum

79 3061 144 3139 cst,
162 3051 321 3138 amicitia,
337 3059 373 3118 nt
389 3073 409 3118 a
426 3059 458 3120 te
474 3060 507 3118 et
523 3051 597 3139 tuis,
610 3059 775 3119 etamcet
786 3051 877 3138 meis,
892 3053 940 3118 ita
955 3069 1048 3116 omnc
1063 3047 1151 3136 prins
1177 3050 1218 3117 de

75 3159 189 3228 medio
207 3160 396 3245 ambignum
412 3160 589 3248 anferatur,
600 3160 677 3227 utin
690 3180 878 3244 quocunque
896 3179 976 3226 casu
993 3158 1050 3225 tibi
1067 3179 1125 3245 per
1160 3179 1215 3226 an·

75 3275 263 3336 tecessores
279 3275 361 3354 tuos,
378 3275 410 3337 et
434 3290 492 3356 per
508 3290 597 3336 meos
612 3277 701 3336 certa
717 3269 978 3354 comprobatione
1000 3267 1091 3352 justa
1107 3265 1214 3354 fuerit,

9 3450 16 3469 Ι
75 3375 281 3445 alteralteri
299 3375 482 3445 nuliatenus
499 3377 722 3445 adversemur.

37 3585 40 3591 '
73 3574 208 3640 {Ljubics
228 3573 335 3638 Simon,
354 3575 537 3626 Monumenta
556 3577 715 3639 spectantia
735 3575 883 3626 historiam
903 3575 1050 3624 Stenarum
1082 3571 1213 3624 Meridio-

17 3648 22 3657 '
76 3667 194 3716 narrum
215 3665 238 3714 1.
257 3665 317 3714 sce.
336 3665 447 3729 zagrus
469 3669 551 3715 isse:
566 3667 589 3714 5.
610 3667 628 3715 r.
660 3665 910 3729 opantemenyuntr
936 3666 958 3713 1.
987 3663 1141 3714 ruretenent
1170 3667 1213 3714 aa.

71 3755 104 3806 ks
126 3758 173 3805 44.
195 3754 225 3806 ll.
246 3753 336 3806 Ozech
365 3754 452 3804 Jdnos
481 3753 688 3819 ltatrahagyott
716 3753 906 3804 keziracaibdt
936 3769 1003 3804 ezen
1033 3753 1214 3818 okmbnynak

444 3845 509 3895 enak
526 3844 686 3894 tdredbkeit
704 3845 860 3912 kozblttitr.)

170 4819 295 4892 flam.
313 4835 396 4881 mo.
414 4819 484 4884 utor.
507 4849 542 4862 -·
561 4838 633 4878 nuru.
652 4829 695 4877 att.

32 4914 42 4950 r.

33 4994 42 5021 r

32 5036 38 5071 t
