3182 5200
108 599 259 687 priuilegio
274 604 518 672 communimus.
550 601 729 687 Inprimis
761 599 922 683 siquidem
954 604 1144 684 statuentes,
1177 605 1222 664 ut-

107 718 173 786 ordo
186 712 389 800 monasticus,
405 711 461 796 qui
477 710 657 778 secuudum
673 709 784 775 Deum
802 713 835 775 et
850 706 945 775 Beati
969 707 1140 778 Benedicti
1164 732 1212 778 rc·

24 861 25 868 κ
105 825 201 910 gulam
214 823 245 888 in
263 820 376 890 eodem
393 817 591 887 Monasteric
609 816 777 883 institutus
793 833 866 884 esse
883 815 1073 903 dinoscitur,
1099 837 1215 905 perpe·

105 933 160 1000 tuis
194 927 308 996 ibidem
345 925 545 1011 temporibus
578 923 787 990 inuiolabiter
818 923 1018 990 obscruetur.
1058 923 1213 994 Pretcrea

104 1055 302 1124 quascumque
312 1032 535 1119 possessiones
547 1038 579 1098 et
589 1048 777 1116 quecunque
787 1030 968 1098 bonsidem
980 1031 1212 1102 Monasterium

24 1153 25 1156 ’
103 1144 354 1234 inpresentiarum
369 1141 455 1208 iuste
466 1145 498 1206 et
509 1137 667 1206 canonice
683 1137 841 1224 possidet,
858 1139 959 1206 autin
978 1140 1121 1206 futurum
1138 1161 1212 1209 con-

24 1259 25 1316 ]
103 1257 229 1325 cessione
236 1249 437 1332 Pontificum,
448 1245 754 1330 largitioneitcgum
764 1246 815 1312 vel
831 1243 1025 1332 Principum,
1044 1247 1210 1319 oblatione

24 1379 26 1410 ³
104 1362 236 1446 fidelium,
252 1379 309 1426 scu
319 1355 499 1423 aliisiustis
516 1352 622 1420 modis
639 1361 805 1440 prestante
820 1352 959 1421 Domino
970 1354 1088 1439 poterit
1103 1355 1212 1442 adipi·

23 1491 25 1544 t
102 1471 154 1554 sci,
170 1459 1216 1546 firmarcbisscenisquesuccessoribusetillibatapermanerunt.

23 1625 26 1654 ,
104 1579 254 1662 inquibus
270 1574 333 1640 hcc
349 1569 493 1660 propriJs
509 1569 663 1636 duximus
680 1566 889 1635 inscribenda
905 1569 1076 1638 vocabulis
1094 1595 1102 1636 ε

194 1685 311 1752 Locum
328 1682 446 1765 ipsum,
461 1679 496 1745 in
513 1697 577 1760 quo
593 1676 755 1762 prefatum
772 1677 1004 1744 monasterium
1037 1680 1147 1769 situm,
1178 1691 1217 1749 ct.

103 1813 161 1860 cun
176 1792 319 1859 omnibns
346 1785 550 1875 pertinentiis
570 1783 659 1869 suis;
683 1783 849 1850 Ecclesiae
881 1784 1002 1852 Sancte
1034 1786 1136 1853 Muris
1168 1788 1210 1856 dc

102 1901 219 1988 Spicea,
235 1905 267 1966 ct
281 1895 397 1964 Sancti
413 1891 522 1978 Egidij
540 1911 642 1978 prope
659 1891 909 1976 monasterium
933 1899 1054 1958 terram
1081 1893 1212 1980 Susolgi

104 2029 163 2074 curn
178 2008 259 2075 silua
276 2014 309 2074 et
325 2004 560 2086 senatoribus3
583 2009 704 2067 terram
721 2003 755 2066 in
772 2000 890 2085 Uelina,
905 1997 947 2067 dc
963 2001 1123 2086 Varanzs,
1152 2003 1211 2069 uil-

100 2118 155 2184 isn
168 2117 373 2200 piscatorum,
390 2119 423 2178 et
438 2110 552 2176 uillam
568 2107 707 2192 Pechen,
723 2107 837 2174 uiilam
853 2107 967 2195 Pccer,
1001 2108 1112 2177 uillam
1130 2105 1212 2176 (the-

100 2225 185 2309 iecen,
200 2223 316 2290 uillam
333 2217 453 2305 Coach,
470 2214 583 2283 uiliam
599 2213 812 2302 Tholomach,
841 2214 952 2282 uillam
968 2213 1121 2304 Oculeus,
1152 2218 1210 2283 uii-

100 2333 152 2398 ian
166 2329 319 2414 Brethka,
352 2326 464 2394 uillam
481 2325 522 2392 de
538 2325 662 2403 Samto,
694 2322 805 2390 uillam
825 2323 866 2388 de
893 2321 1067 2413 Semellah,
1099 2324 1210 2391 uillam

99 2437 289 2523 sucronem,
307 2434 423 2502 uillam
439 2433 557 2516 Kalon,
573 2429 689 2499 uiiiam
706 2428 835 2517 Ohcfar,
861 2431 972 2498 uitium
991 2433 1117 2519 Tayna,
1150 2433 1215 2503 nil·

30 2629 31 2632 Ἴ
98 2546 151 2611 ianr
166 2545 331 2634 Celepscn,
346 2542 494 2630 predium
503 2541 635 2624 Tessar,
645 2538 761 2606 uillam
772 2537 921 2628 Golluch,
933 2540 1046 2608 uillam
1057 2539 1215 2631 Sicirona,

100 2653 195 2721 uilium
209 2652 349 2738 Charad,
377 2650 526 2737 predium
543 2647 685 2734 Pagran,
709 2646 824 2713 uillam
840 2647 994 2732 Bescene,
1025 2649 1212 2734 porcionem

101 2761 162 2827 uiiie
176 2762 213 2828 de
228 2759 406 2843 Oudouort,
426 2757 538 2824 uillam
556 2757 596 2824 de
613 2754 745 2843 Gurich,
778 2754 892 2822 uillam
908 2754 950 2824 de
966 2757 1079 2824 Samio
1096 2756 1130 2823 in
1149 2777 1213 2826 me

100 2867 143 2936 dio
157 2869 281 2949 Girach,
300 2866 449 2953 predium
465 2863 606 2950 Fireieg,
624 2864 736 2931 uillam
746 2863 842 2952 Pelii,
860 2865 973 2931 uilium
983 2865 1081 2953 Sach,
1098 2865 1210 2934 uiuam

100 2972 176 3042 dhon
191 2997 261 3044 cum
277 2974 415 3064 piscinis
432 2977 464 3040 et
479 2972 619 3059 stagnis,
637 2972 786 3058 predium
803 2971 915 3057 Alpar,
932 2979 1057 3057 partem
1076 2972 1155 3039 cille
1170 2970 1213 3038 de

101 3086 255 3172 Sonolnm,
269 3081 423 3168 predium
439 3080 501 3147 iirs
517 3099 590 3145 cunr
607 3077 801 3145 uinitoribns
818 3085 850 3145 ct
866 3077 980 3164 uineis,
996 3076 1155 3148 rinitores
1179 3101 1197 3147 e

102 3192 199 3262 uineas
212 3194 252 3259 de
268 3194 404 3276 Samug,
429 3187 618 3274 porcionem
633 3183 714 3253 uilie
730 3184 772 3251 de
787 3185 914 3274 Ludan,
944 3188 1123 3273 piscatores
1139 3208 1213 3258 veo·

99 3323 161 3368 num
176 3301 216 3369 ed
229 3302 325 3368 finem
342 3299 464 3383 Sitoua,
491 3295 525 3360 in
541 3293 704 3360 Cameren
719 3293 881 3378 piscinam
897 3314 1044 3382 vacnum,
1079 3295 1113 3362 in
1131 3295 1211 3362 Ciro-

100 3407 147 3475 kot
159 3419 284 3497 nautas,
300 3409 335 3474 in
352 3407 431 3474 Wsn
448 3403 642 3485 aurifabros,
664 3400 774 3466 niiiam
792 3399 919 3488 Richrz,
934 3403 1120 3487 porcionem
1136 3401 1213 3470 uiile

101 3519 133 3584 de
145 3519 277 3608 Suillan,
295 3519 408 3586 uillam
426 3513 539 3598 Bcilio,
573 3519 694 3578 terram
713 3511 745 3575 in
762 3509 838 3594 Fus,
873 3517 992 3579 terram
1007 3513 1042 3579 in
1068 3513 1211 3594 Seliohe,

100 3627 209 3695 tertiam
225 3637 351 3716 partem
370 3626 410 3692 de
426 3625 517 3708 Bors,
546 3620 701 3687 tributum
719 3617 778 3684 fori
796 3617 837 3684 de
852 3618 1021 3708 Sobonlou,
1054 3621 1210 3690 tributum

100 3736 216 3819 squein
232 3734 325 3820 Beld,
356 3732 509 3798 tributum
527 3727 767 3813 lignorumque
791 3725 938 3794 seruntur
963 3749 1062 3816 snper
1090 3731 1210 3818 Gorou,

100 3839 226 3911 decimas
250 3849 418 3909 aratorum
449 3837 638 3923 Monasterij
671 3842 702 3902 et
732 3835 897 3901 hominum
930 3856 1059 3904 suorum
1092 3840 1211 3924 ubique

100 3951 299 4038 existentium,
316 3947 479 4036 capellam
497 3946 608 4014 Sancti
625 3944 756 4012 Martini
772 3943 813 4010 de
829 3943 937 4032 Odort,
954 3944 1069 4012 uillam
1086 3947 1210 4016 (thene-

99 4057 143 4142 sis,
170 4059 281 4129 uillam
297 4058 423 4141 Sichor,
455 4053 601 4140 predium
627 4051 804 4140 Gesteuge,
836 4059 868 4119 et
900 4059 1049 4135 quartam
1083 4063 1210 4140 pertcm

100 4166 280 4234 decimarum
296 4167 393 4236 trium
410 4160 629 4246 Capeliarum

190 4281 276 4347 Sane
292 4275 459 4344 nonaliurn
476 4277 665 4347 uestrorum,
683 4286 746 4352 quc
762 4264 902 4350 proprijs
918 4267 1069 4334 manibus
1080 4274 1112 4334 et
1123 4289 1208 4338 snm·

100 4387 194 4470 ptibcs
209 4387 328 4470 colitis,
345 4383 418 4452 siue
433 4379 476 4446 dc
492 4385 670 4445 uestrorum
688 4373 877 4440 animalium
893 4373 1113 4459 nutrimentis,
1141 4378 1213 4444 nul·

101 4495 140 4560 iu
154 4517 172 4563 a
187 4495 278 4563 uobis
294 4492 439 4562 decimas
455 4487 586 4572 exigere
604 4484 657 4550 uel
673 4487 864 4565 extorquere
880 4488 1057 4568 presumat.
1096 4483 1210 4552 Liceat

102 4623 215 4689 quoque
230 4603 322 4673 vobis
338 4599 474 4668 ciericos
490 4595 543 4663 uel
561 4593 663 4660 laicos
680 4591 797 4658 liberos
813 4597 847 4656 et
862 4590 1042 4676 absolutos,
1067 4612 1089 4659 a
1103 4595 1211 4660 econio

100 4711 256 4802 fugientes,
272 4713 316 4781 ad
332 4706 574 4780 conuersionem
590 4700 745 4785 recipere,
769 4702 802 4764 et
817 4717 872 4766 eos
896 4699 1018 4784 absque
1049 4701 1214 4768 contradi·

1453 4747 1503 4762 ΔΑ-
