3116 5178
526 323 686 427 Q

57 523 214 612 plicarunt,
230 519 317 610 quod
332 541 404 590 cnm
420 517 569 610 formido,
585 542 648 607 qne
658 523 842 609 specialiter
853 541 894 590 cx
904 521 1039 590 terribili
1049 521 1168 592 sevitia

56 634 246 702 l'mtarornm
263 651 322 700 sen
346 629 485 698 aliorum
504 629 613 700 hostili
632 631 763 701 incursu
782 631 864 718 ipsis
873 634 908 700 in
918 631 1057 699 futurum
1068 631 1170 698 immi·

57 739 484 830 ncretimetm,muniticnem
495 739 639 826 adquam
649 759 709 826 pro
720 737 927 828 recipiendis,
935 738 1065 807 tncndis
1076 745 1107 806 et
1118 738 1171 804 de·

12 925 13 928 Ἴ
57 847 208 916 tenscmdis
223 846 294 916 suis
311 855 344 916 et
363 865 495 914 snorum
521 851 668 930 personis
693 847 783 932 ipsos
808 865 943 932 querere
958 865 1015 914 seu
1031 845 1170 913 condere

57 955 198 1041 inpellat,
209 960 351 1023 montem
362 953 536 1041 quendam,
547 955 677 1022 nomine
687 952 1041 1042 Gradyz‚inOomitaln
1051 954 1171 1038 Zagra-

58 1063 167 1150 biensi,
183 1065 276 1132 iuxta
302 1063 498 1148 Zagrabiam
534 1064 737 1144 existentem,
771 1065 863 1132 cuins
893 1063 1012 1132 montis
1043 1068 1168 1148 partem

59 1171 206 1254 quandam
223 1171 266 1240 ad
282 1171 395 1240 villam
411 1170 576 1257 hospitum
593 1171 634 1244 de
650 1172 743 1259 Grec,
760 1169 924 1256 quandam
934 1190 1011 1238 vero
1020 1168 1063 1237 ad
1073 1169 1172 1237 Wan-

58 1279 142 1364 legen
156 1277 305 1348 novimus
321 1279 496 1365 pertinere,
529 1279 577 1346 cis
593 1276 740 1347 conterre
756 1287 789 1348 et
805 1278 934 1347 tradere
950 1278 1168 1363 dignaremur,

59 1405 119 1453 cnm
133 1407 194 1454 non
211 1386 358 1454 habeant
372 1388 407 1453 in
423 1390 515 1455 tanto
530 1395 627 1455 vento
644 1385 796 1472 turbinis,
824 1407 931 1473 ymmo
947 1392 1014 1454 lam
1029 1383 1173 1472 generali

59 1497 133 1562 netu
146 1495 268 1575 mortis,
300 1495 357 1562 nbi
372 1513 433 1562 sua
449 1500 481 1562 et
495 1513 627 1562 suorum
645 1493 753 1580 capita
777 1495 911 1562 valeant
936 1493 1103 1582 reclinare,
1123 1493 1173 1560 rel

61 1603 133 1667 bona
148 1601 294 1670 llcclesie
312 1601 545 1686 Zagrabiensis
560 1620 601 1668 ac
616 1619 676 1670 sca
691 1606 761 1668 tuto
786 1601 964 1670 munimine
990 1601 1171 1671 defensare.

12 1715 13 1730 ³
60 1707 116 1775 Nos
130 1709 235 1797 igitar,
252 1709 373 1795 quihus
388 1729 429 1776 ex
445 1709 588 1793 suseepti
603 1708 771 1794 regiminis
788 1708 897 1777 officio
922 1709 1079 1777 incumbit
1103 1711 1172 1776 nni-

12 1841 14 1862 =
61 1818 149 1884 versia
164 1823 272 1886 nostre
290 1817 419 1886 Corone
432 1815 593 1906 fidelibus,
624 1818 766 1886 maxime
790 1819 823 1884 in
851 1823 941 1886 tanto
972 1817 1175 1887 necessitatis

61 1925 190 2012 articulo,
207 1945 342 1993 manum
358 1925 473 1992 auxssil
499 1925 676 2014 porrigere,
702 1925 959 2014 considerantes,
977 1926 1065 2012 quod
1096 1925 1173 1994 talis

12 2045 14 2090 i
59 2031 184 2116 provisio
199 2033 234 2099 in
250 2051 388 2118 corpore
405 2041 437 2100 et
452 2033 562 2104 anima
579 2053 638 2102 nos
655 2033 807 2102 hedificat
823 2035 868 2103 ad
884 2034 1035 2120 salumm,
1053 2032 1172 2101 dictum

12 2135 14 2168 ²
60 2145 184 2209 nonlcm
198 2163 272 2210 enm
289 2149 376 2210 terra
388 2141 695 2226 circumadiaccnte,
705 2143 887 2214 sufficiente
904 2144 976 2214 usui
991 2151 1023 2213 et
1038 2163 1172 2214 commo·

12 2255 13 2272 ³
62 2241 143 2314 ditati
158 2250 253 2318 nnius
271 2269 392 2335 magne
409 2251 495 2336 ville,
524 2250 631 2318 cidem
648 2249 799 2337 capitulo
815 2251 848 2317 in
868 2259 1058 2338 perpetuum
1085 2250 1175 2318 dedi·
1260 2303 1265 2312 .

13 2397 14 2400 ,
62 2371 120 2422 nna
135 2363 165 2422 et
180 2359 377 2427 contulimus
393 2358 491 2445 pleno
508 2359 596 2443 iure;
622 2359 683 2426 hoc
699 2377 864 2448 expresso,
895 2359 981 2445 qnod
997 2361 1031 2428 in
1058 2359 1171 2429 eodem

12 2445 14 2504 ἶ
63 2468 156 2531 monte
169 2463 290 2534 dictum
308 2465 493 2551 Capitulum
508 2474 656 2536 assumat
671 2488 729 2552 pro
755 2487 802 2554 se,
827 2468 889 2536 hoc
914 2475 963 2536 est
997 2486 1053 2552 pro
1085 2488 1170 2536 com·

12 2601 14 2666 ᾖ
63 2572 211 2660 monitate,
229 2574 402 2644 decentem
418 2575 614 2663 porcionem,
648 2595 711 2656 que
726 2575 893 2645 muniatur
911 2578 1032 2664 optime
1048 2597 1106 2663 per
1122 2597 1175 2644 ex·

13 2669 14 2674 ’
63 2698 166 2762 penses
181 2683 283 2752 locine
299 2683 460 2768 Capituli,
475 2683 565 2752 cuius
582 2683 777 2752 municionis
792 2691 887 2771 septa
904 2693 1049 2772 tempore
1065 2683 1176 2753 discri-

13 2833 14 2836 ,
64 2786 307 2880 ninisrcnlurc,
325 2790 412 2877 quod
429 2791 528 2878 absit,
555 2791 623 2859 illis
647 2798 786 2878 pateant
815 2793 956 2878 illosque
986 2791 1177 2878 suscipiant,

13 2889 14 2936 ἶ
65 2897 110 2978 qni
124 2897 182 2965 sibi
198 2919 256 2985 per
271 2919 310 2967 se
324 2897 514 2984 specialiter
529 2897 709 2967 hedificare
723 2899 898 2985 noluerint,
914 2889 967 2968 vel
983 2898 1104 2968 inerint
1119 2901 1176 2966 im·

13 3021 14 3030 ³
65 3010 205 3087 potentes.
230 3007 374 3074 Persona
390 3025 467 3074 vero
481 3005 669 3094 supradicte
685 3009 737 3077 vel
752 3007 818 3076 alie
834 3007 875 3075 de
891 3007 1005 3075 eodem
1016 3005 1177 3093 Capitale,

13 3111 15 3204 ,
65 3130 118 3193 que
130 3121 276 3199 polentes
291 3114 412 3183 fuerint
427 3110 602 3184 hedificare
617 3114 680 3184 sihi
696 3121 801 3184 turres
816 3113 988 3200 speciales,
1006 3119 1176 3183 assumant

66 3235 98 3283 cr
111 3222 292 3292 voluntaria
309 3227 342 3291 et
357 3221 497 3308 speciali
513 3221 694 3291 collacione
711 3221 853 3309 Capituli
869 3222 943 3293 loca
958 3243 1118 3309 arearum,
1135 3223 1170 3288 in

13 3323 14 3348 *
66 3328 167 3408 quibus
181 3330 358 3400 hedificent
373 3338 479 3398 turres
496 3335 528 3398 et
543 3349 650 3400 muros
665 3351 724 3416 pro
740 3332 809 3400 snis
824 3329 1025 3418 specialibus
1041 3329 1176 3398 familiis

13 3471 15 3512 2
67 3439 150 3519 alque
162 3440 271 3526 rebne,
288 3436 465 3508 secundum
481 3436 570 3523 quod
585 3439 835 3524 uniuscuiusque
851 3437 1035 3525 porcionem
1053 3439 1178 3506 contin·

13 3525 15 3634 ἶ
67 3543 120 3630 git,
142 3565 202 3630 quc
218 3545 349 3634 quidem
367 3544 518 3615 hedificia
534 3545 603 3614 suis
617 3545 800 3634 heredibus,
818 3546 1036 3632 heredumque
1052 3565 1176 3616 sncces-

13 3663 14 3722 i
68 3649 257 3742 tacitusve}
283 3656 536 3741 quibuscumque
552 3655 725 3744 voluerint,
755 3654 890 3724 valcant
921 3655 1012 3742 dare,
1043 3656 1178 3742 donare,

13 3789 15 3856 t,
69 3761 227 3830 concedere
243 3769 277 3832 el
292 3769 450 3849 perpetuo
465 3763 588 3848 legare,
619 3761 712 3830 iuxta
727 3781 785 3830 sue
801 3763 1006 3849 beneplacita
1031 3763 1178 3832 volunta·

13 3865 15 3930 3
71 3863 114 3952 lis,
129 3867 268 3938 dominio
284 3877 393 3938 tamen
411 3869 513 3958 ipsius
524 3869 623 3939 castri
634 3870 722 3938 dicto
733 3869 885 3958 capitulo
895 3890 952 3956 per
962 3872 1179 3940 omniareser-

14 3963 16 4008 l
71 3980 143 4040 rato.
153 3975 189 4044 In
199 3976 290 4045 cuius
299 3977 429 4065 montis,
440 3982 472 4044 et
482 3981 567 4044 terre
578 3977 882 4047 circumadicccntis
896 3980 1095 4066 corporalem
1106 3998 1180 4065 pos-

14 4069 16 4160 ἷ
72 4081 232 4154 sessionem
242 4105 302 4172 per
317 4083 445 4152 fidelem
460 4091 604 4153 nostrum
619 4086 753 4173 Abram,
774 4087 929 4154 Comitem
939 4087 981 4154 de
995 4086 1180 4174 Morcncha,

74 4186 166 4271 ipsum
174 4192 305 4261 lecimus
314 4192 489 4261 introduci.
506 4193 665 4279 Ncigitnr
675 4195 873 4281 sepedictum
884 4193 1067 4281 Capitulum
1083 4213 1182 4280 snper

75 4293 164 4386 dictis,
180 4308 288 4370 monle
303 4307 335 4370 el
350 4309 455 4389 terra,
474 4306 654 4388 temporum
671 4303 829 4371 curriculo
846 4323 903 4388 per
920 4303 1107 4390 qnempiam
1132 4305 1180 4370 in-

14 4439 15 4506 j
76 4404 195 4484 quietum
208 4411 317 4480 ualeat
332 4430 391 4480 scu
405 4411 614 4496 aliquatenus
631 4413 807 4496 molestari,
824 4411 882 4479 sed
899 4411 948 4480 eis
963 4411 1077 4498 pooins
1110 4431 1180 4497 per·

14 4605 15 4612 ¹
77 4517 161 4592 petro
175 4525 206 4585 et
222 4517 479 4588 irrevocabiliter
494 4526 711 4606 perseverent,
737 4525 906 4604 presentes
921 4517 954 4586 in
982 4517 1178 4605 perhennem

14 4625 16 4636 ’
80 4629 173 4692 nostre
187 4627 371 4697 collacionis
384 4628 600 4698 stabilitatem
616 4627 834 4696 concessimus
850 4635 883 4696 ct
914 4625 1105 4696 tradidimus
1130 4628 1181 4698 tlt-
