3160 5208
885 343 952 412 228

348 534 450 622 syth5
475 542 507 603 et
522 535 599 604 inde
615 533 784 604 deseendit
799 429 1013 624 palmi—amin
1029 537 1136 606 medio
1165 537 1294 626 montis,
1316 545 1360 604 et
1390 537 1482 606 uadit

349 643 488 711 interius
515 663 575 730 per
600 643 747 716 eleuatas
778 653 883 714 metas
910 663 1019 732 usque
1049 646 1092 714 ad
1122 646 1230 714 lenum
1261 646 1316 730 qui
1346 651 1487 712 necatur

327 797 329 802 .
349 750 495 820 Ghasma
511 751 619 818 Berke
635 752 727 820 iuxta
744 751 872 818 domum
889 751 1037 838 Dragoe;
1055 759 1087 819 et
1103 751 1181 820 inde
1196 752 1289 820 uadit
1304 773 1364 836 per
1381 771 1488 836 quan·

356 856 432 925 dem
450 861 539 928 uiam
554 877 656 942 usque
672 858 715 924 ad
728 858 863 928 fluuium
880 860 935 944 qui
947 858 1261 948 uocaturhakaueh,
1277 879 1377 944 super
1386 875 1484 942 quem

351 966 485 1034 fluuium
502 965 594 1036 sedet
608 965 781 1055 Dydislou,
798 966 933 1036 inferius
949 963 1063 1034 domus
1080 965 1239 1052 Dydisiov
1254 970 1322 1034 exit
1352 964 1395 1032 de
1426 964 1484 1031 flu·
1578 1023 1579 1026 ,

356 1073 412 1141 uin
427 1093 524 1160 snper
541 1075 706 1158 quandam
723 1074 823 1162 uiam,
841 1095 903 1160 qne
918 1075 1011 1142 uadit
1036 1076 1071 1142 in
1095 1073 1161 1142 fine
1185 1074 1234 1141 las
1265 1073 1310 1140 ad
1340 1074 1486 1143 Chasma

351 1181 515 1267 usquead
532 1181 714 1250 Jnhannem
731 1184 857 1270 Seelpe.

461 1289 539 1357 Atia
553 1310 630 1356 uero
647 1296 819 1378 terranea,
836 1299 1050 1375 quereretur
1066 1299 1154 1358 terra
1170 1290 1298 1377 Thalle,
1316 1293 1364 1359 sie
1380 1293 1478 1361 metis

356 1396 570 1481 distinguitur
588 1422 596 1462 :
612 1398 670 1464 Est
686 1405 793 1465 autem
810 1398 905 1464 iuxta
934 1399 1108 1468 Chremem
1140 1399 1232 1467 locus
1263 1398 1320 1482 qni
1349 1409 1486 1467 uocatur

353 1504 501 1572 Protisea
516 1505 630 1571 subtus
646 1507 778 1588 Dragus
795 1505 928 1592 fenery;
953 1513 986 1572 et
1001 1506 1078 1572 inde
1095 1505 1200 1572 tendit
1216 1527 1276 1591 per
1306 1506 1409 1575 siluas
1442 1507 1487 1574 si·

355 1613 464 1699 gnatis
480 1613 575 1680 metis
591 1633 692 1698 usque
708 1615 751 1680 ad
768 1622 868 1700 eaput
883 1613 1045 1700 Zidriaeh‚
1078 1614 1134 1682 ubi
1149 1617 1183 1680 in
1198 1614 1262 1681 fine
1277 1616 1327 1682 las
1344 1624 1394 1682 est
1418 1638 1488 1684 ma·

353 1742 420 1808 gna
436 1724 612 1807 arborque
628 1725 866 1811 uocaturttut3
891 1723 968 1789 inde
985 1723 1053 1790 exit
1070 1723 1113 1788 ad
1130 1743 1271 1808 tempos,
1305 1729 1337 1790 et
1367 1723 1487 1790 airenit

354 1839 474 1898 terram
491 1829 629 1914 signatis
646 1831 738 1917 loeis,
755 1832 905 1916 peruenit
920 1832 965 1899 ad
981 1831 1090 1899 laeum
1100 1828 1258 1915 Galgeia3
1277 1831 1396 1898 transit
1406 1851 1486 1898 uero

354 1939 496 2022 fluuium,
512 1945 543 2004 et
558 1937 708 2005 aseendit
724 1938 758 2002 in
774 1945 937 2022 montem3
960 1946 1077 2024 postea
1092 1937 1261 2006 deseendit
1293 1957 1364 2004 eum
1394 1944 1489 2004 terra
1551 1989 1554 1994 .

355 2044 463 2114 fratris
479 2045 527 2112 sni
543 2044 693 2112 Niehoiai
709 2043 752 2110 ad
768 2047 872 2111 losum
900 2043 957 2128 qui
987 2051 1122 2114 uocatur
1147 2043 1276 2128 cheren
1299 2049 1333 2110 et
1361 2043 1395 2112 in
1428 2046 1488 2113 illo

354 2155 464 2222 eheret
480 2160 531 2220 est
547 2173 668 2237 magna
687 2152 860 2236 arborque
877 2157 1012 2219 uocatur
1028 2152 1099 2218 rest
1115 2151 1206 2217 iuxta
1225 2151 1392 2234 quandam
1405 2157 1488 2222 mla-
1564 2157 1569 2164 '

356 2281 446 2346 eam3
471 2268 503 2327 et
518 2261 552 2327 in
568 2258 627 2326 iiia
643 2259 749 2326 mlaea
775 2261 911 2328 tendens
936 2257 1072 2326 inferius
1104 2257 1171 2324 exit
1201 2257 1244 2326 de
1274 2260 1383 2326 mlaea
1412 2261 1488 2346 illa,

356 2368 497 2452 signatis
513 2367 593 2434 loeis
610 2366 701 2434 uadit
717 2368 953 2436 adserendam
980 2369 1130 2453 mlaeam,
1157 2373 1190 2434 et
1220 2368 1254 2433 in
1284 2366 1347 2434 illa
1378 2368 1491 2437 mlaea

356 2474 462 2543 tendit
478 2473 613 2542 inferius
629 2493 731 2557 usque
748 2475 791 2540 ad
808 2475 893 2544 niam
912 2494 975 2559 que
992 2474 1081 2540 uenit
1098 2473 1139 2541 de
1165 2472 1261 2541 domo
1292 2471 1419 2558 Oresee,
1456 2484 1491 2545 et

355 2582 447 2649 uadit
462 2602 519 2666 per
534 2581 619 2648 uiam
636 2581 726 2648 iliam
744 2602 846 2666 usque
863 2582 905 2648 ad
922 2581 1051 2648 demum
1069 2583 1194 2668 Cressa,
1212 2589 1245 2647 et
1259 2581 1304 2648 ibi
1327 2583 1429 2650 intret
1454 2585 1491 2652 in

355 2691 476 2775 eheret,
502 2696 536 2758 et
551 2689 644 2756 uadit
658 2690 793 2758 inferius
809 2710 973 2774 quousque
988 2691 1030 2758 de
1056 2688 1113 2756 iiie
1140 2691 1248 2756 eheret
1278 2689 1344 2756 exit
1375 2694 1490 2759 mlaea

358 2798 508 2886 quedem,
537 2819 600 2881 que
616 2797 714 2864 intrat
729 2798 763 2862 in
779 2798 982 2882 Golgowam,
1014 2797 1049 2864 in
1066 2796 1226 2880 Gnlgnwa
1241 2799 1333 2864 uadit
1350 2798 1495 2868 inferius

358 2926 462 2990 usque
478 2909 522 2974 ad
538 2907 700 2992 quendam
717 2905 836 2992 eheret,
854 2906 909 2990 qui
926 2907 993 2972 exit
1010 2906 1050 2971 de
1067 2905 1235 2992 Goignwa,
1253 2912 1286 2972 et
1311 2907 1406 2972 uadit
1422 2917 1492 2992 'per

358 3013 446 3080 iilum
464 3014 572 3080 eheret
588 3016 629 3079 ad
647 3015 766 3101 lenum,
783 3014 839 3082 ubi
854 3021 904 3080 est
921 3023 1009 3080 meta
1024 3013 1183 3098 quedam3
1218 3013 1343 3080 atinde
1360 3017 1429 3080 exit
1446 3015 1491 3082 ad

361 3141 494 3208 eampes
511 3131 543 3189 et
558 3121 650 3188 uadit
667 3123 710 3187 ad
724 3122 831 3188 loeum
846 3122 902 3189 ubi
918 3129 967 3188 est
984 3120 1256 3208 Warkanseeipe,
1282 3129 1315 3188 et
1332 3122 1437 3189 intrat
1456 3125 1491 3190 in

359 3230 472 3297 endem
489 3228 640 3297 Chasma.
681 3229 718 3294 In
735 3232 805 3295 loeo
821 3250 897 3295 uere
914 3228 976 3294 fori
993 3229 1072 3295 villa
1088 3247 1148 3296 sua
1164 3229 1264 3296 habet
1279 3235 1400 3296 terram
1425 3231 1494 3300 sibi

359 3338 534 3423 signatam,
551 3338 634 3404 etin
651 3337 746 3404 siluis
763 3335 900 3402 fratrum
916 3357 1047 3403 suerum
1082 3337 1122 3403 de
1153 3335 1253 3420 lignis
1283 3358 1348 3404 non
1379 3349 1496 3425 posset

360 3445 531 3531 prohibere
547 3446 639 3530 illes;
666 3447 754 3513 loeus
773 3465 848 3515 uero
865 3444 927 3511 fori
942 3446 977 3512 in
994 3452 1081 3512 terra
1097 3444 1178 3512 etin
1205 3445 1323 3512 tributo
1349 3449 1497 3531 pertinet

359 3554 419 3622 Th.
436 3552 563 3620 Comiti.

468 3661 571 3726 Terra
586 3679 664 3726 uero
681 3680 742 3744 que
760 3669 894 3728 uocatur
909 3659 1000 3727 Zaua
1015 3662 1064 3725 sis
1080 3658 1188 3726 diuisa
1213 3667 1273 3746 est,
1304 3661 1393 3743 quod
1425 3681 1497 3732 me·

362 3767 467 3837 dietas
483 3767 624 3854 pertinet
639 3769 699 3835 Th.
726 3767 853 3853 Comiti,
887 3775 920 3836 et
950 3765 1108 3835 medietas
1139 3766 1317 3855 Stephano,
1353 3776 1495 3854 excepte

360 3878 531 3946 Nieholao.

472 3983 704 4051 Confirmamus
721 3984 823 4051 esiam
840 3991 1017 4070 prouentus
1033 3982 1261 4067 prouenientes
1278 4003 1320 4051 ex
1345 3987 1503 4053 marturi-

364 4094 416 4187 nis
431 4090 472 4158 de
488 4101 555 4160 tote
571 4092 753 4178 Manyeiov,
771 4110 834 4176 que
850 4091 950 4176 uulgo
966 4102 1031 4159 nest
1045 4097 1259 4177 nuneupatur.
1298 4091 1500 4164 Cuiusmodi

363 4206 538 4290 prouentus
554 4217 636 4266 auus
652 4197 713 4264 Th.
730 4198 863 4268 Comitis
889 4219 911 4266 a
935 4197 988 4285 pie
1019 4196 1258 4265 reeordationis
1289 4199 1372 4270 Bela
1402 4201 1503 4291 Rege

363 4328 437 4376 eum
454 4327 576 4392 magna
592 4307 747 4374 effusione
774 4307 943 4392 sanguinis
974 4305 1174 4392 obtinuerat3
1199 4306 1233 4371 in
1263 4304 1373 4375 hostili
1403 4313 1504 4378 enim

365 4414 515 4484 eonflietu
531 4412 695 4498 quendam
710 4415 847 4483 militem
863 4413 1035 4499 interserit,
1060 4412 1152 4482 euius
1183 4433 1299 4499 eorpus
1330 4423 1503 4488 mertuum

365 4546 423 4611 pro
440 4531 569 4594 eentum
587 4525 732 4612 denarijs
748 4526 856 4592 aureis
871 4527 935 4595 fuit
948 4523 1160 4612 redemptum.
1200 4517 1206 4524 “

473 4632 625 4700 Predium
641 4653 728 4722 uero,
744 4633 831 4721 qued
848 4640 897 4702 est
912 4635 948 4701 in
964 4631 1161 4718 distamen,
1176 4629 1262 4716 qued
1270 4638 1408 4698 vocatur
1417 4631 1504 4718 Vni,
