<?xml version="1.0" encoding="UTF-8"?>
<!DOCTYPE html PUBLIC "-//W3C//DTD XHTML 1.0 Transitional//EN"
    "http://www.w3.org/TR/xhtml1/DTD/xhtml1-transitional.dtd">
<html xmlns="http://www.w3.org/1999/xhtml" xml:lang="en" lang="en">
 <head>
  <title>
</title>
<meta http-equiv="Content-Type" content="text/html;charset=utf-8" />
  <meta name='ocr-system' content='tesseract 3.04.00' />
  <meta name='ocr-capabilities' content='ocr_page ocr_carea ocr_par ocr_line ocrx_word'/>
</head>
<body>
  <div class='ocr_page' id='page_1' title='image "./codexdiplomatic01wenzgoog_0647.png"; bbox 0 0 3206 5184; ppageno 0'>
   <div class='ocr_carea' id='block_1_1' title="bbox 654 319 813 428">
    <p class='ocr_par' dir='ltr' id='par_1_1' title="bbox 654 319 813 428">
     <span class='ocr_line' id='line_1_1' title="bbox 654 319 813 428; baseline 0 -32"><span class='ocrx_word' id='word_1_1' title='bbox 654 319 813 428; x_wconf 49' lang='lat' dir='ltr'><em>Q</em></span> 
     </span>
    </p>
   </div>
   <div class='ocr_carea' id='block_1_2' title="bbox 175 516 1423 615">
    <p class='ocr_par' dir='ltr' id='par_1_2' title="bbox 175 516 1423 615">
     <span class='ocr_line' id='line_1_2' title="bbox 175 516 1423 615; baseline 0.002 -22"><span class='ocrx_word' id='word_1_2' title='bbox 175 521 241 611; x_wconf 74' lang='lat' dir='ltr'>&#39;guu</span> <span class='ocrx_word' id='word_1_3' title='bbox 254 516 486 615; x_wconf 77' lang='lat' dir='ltr'>jobsgionibus</span> <span class='ocrx_word' id='word_1_4' title='bbox 503 519 610 592; x_wconf 75' lang='lat' dir='ltr'>castri</span> <span class='ocrx_word' id='word_1_5' title='bbox 626 521 832 593; x_wconf 82' lang='lat' dir='ltr'>Zaladiensis</span> <span class='ocrx_word' id='word_1_6' title='bbox 849 519 1020 592; x_wconf 79' lang='lat' dir='ltr'>desudem</span> <span class='ocrx_word' id='word_1_7' title='bbox 1054 521 1231 596; x_wconf 83' lang='lat' dir='ltr'>Bakoluuk</span> <span class='ocrx_word' id='word_1_8' title='bbox 1255 519 1298 596; x_wconf 83' lang='lat' dir='ltr'>ab</span> <span class='ocrx_word' id='word_1_9' title='bbox 1422 593 1423 596; x_wconf 74' lang='grc'>,</span> 
     </span>
    </p>
   </div>
   <div class='ocr_carea' id='block_1_3' title="bbox 159 631 1299 2781">
    <p class='ocr_par' dir='ltr' id='par_1_3' title="bbox 159 631 1299 2781">
     <span class='ocr_line' id='line_1_3' title="bbox 165 631 1299 719; baseline 0.002 -20"><span class='ocrx_word' id='word_1_10' title='bbox 165 634 280 719; x_wconf 83' lang='lat' dir='ltr'>ultera,</span> <span class='ocrx_word' id='word_1_11' title='bbox 312 631 398 698; x_wconf 82' lang='lat' dir='ltr'>idern</span> <span class='ocrx_word' id='word_1_12' title='bbox 414 631 509 719; x_wconf 78' lang='lat' dir='ltr'>Moys</span> <span class='ocrx_word' id='word_1_13' title='bbox 525 633 603 700; x_wconf 83' lang='lat' dir='ltr'>uiua</span> <span class='ocrx_word' id='word_1_14' title='bbox 620 651 701 701; x_wconf 85' lang='lat' dir='ltr'>nouo</span> <span class='ocrx_word' id='word_1_15' title='bbox 717 633 885 702; x_wconf 87' lang='lat' dir='ltr'>oonsessus</span> <span class='ocrx_word' id='word_1_16' title='bbox 902 640 960 719; x_wconf 89' lang='lat' dir='ltr'>est,</span> <span class='ocrx_word' id='word_1_17' title='bbox 993 653 1029 702; x_wconf 86' lang='lat' dir='ltr'>se</span> <span class='ocrx_word' id='word_1_18' title='bbox 1054 634 1227 719; x_wconf 77' lang='lat' dir='ltr'>reliquisse</span> <span class='ocrx_word' id='word_1_19' title='bbox 1258 653 1299 702; x_wconf 84' lang='lat' dir='ltr'>ao</span> 
     </span>
     <span class='ocr_line' id='line_1_4' title="bbox 165 737 1297 812; baseline 0.002 -4"><span class='ocrx_word' id='word_1_20' title='bbox 165 740 329 811; x_wconf 77' lang='lat' dir='ltr'>dimisisse</span> <span class='ocrx_word' id='word_1_21' title='bbox 354 739 430 809; x_wconf 85' lang='lat' dir='ltr'>illas</span> <span class='ocrx_word' id='word_1_22' title='bbox 447 741 531 808; x_wconf 87' lang='lat' dir='ltr'>duas</span> <span class='ocrx_word' id='word_1_23' title='bbox 547 741 661 810; x_wconf 85' lang='lat' dir='ltr'>uineas</span> <span class='ocrx_word' id='word_1_24' title='bbox 676 743 759 810; x_wconf 84' lang='lat' dir='ltr'>sitas</span> <span class='ocrx_word' id='word_1_25' title='bbox 772 737 809 810; x_wconf 76' lang='lat' dir='ltr'>&#39;in</span> <span class='ocrx_word' id='word_1_26' title='bbox 825 741 1001 812; x_wconf 81' lang='lat' dir='ltr'>Bakolnnls</span> <span class='ocrx_word' id='word_1_27' title='bbox 1016 743 1051 810; x_wconf 92' lang='lat' dir='ltr'>in</span> <span class='ocrx_word' id='word_1_28' title='bbox 1066 748 1153 811; x_wconf 83' lang='lat' dir='ltr'>terra</span> <span class='ocrx_word' id='word_1_29' title='bbox 1185 763 1297 811; x_wconf 89' lang='lat' dir='ltr'>eorun-</span> 
     </span>
     <span class='ocr_line' id='line_1_5' title="bbox 167 847 1297 938; baseline 0.004 -23"><span class='ocrx_word' id='word_1_30' title='bbox 167 849 252 936; x_wconf 91' lang='lat' dir='ltr'>dem,</span> <span class='ocrx_word' id='word_1_31' title='bbox 268 869 325 935; x_wconf 88' lang='lat' dir='ltr'>pro</span> <span class='ocrx_word' id='word_1_32' title='bbox 342 847 460 933; x_wconf 88' lang='lat' dir='ltr'>quibus</span> <span class='ocrx_word' id='word_1_33' title='bbox 477 848 570 934; x_wconf 91' lang='lat' dir='ltr'>ipsos</span> <span class='ocrx_word' id='word_1_34' title='bbox 585 848 619 916; x_wconf 92' lang='lat' dir='ltr'>in</span> <span class='ocrx_word' id='word_1_35' title='bbox 636 869 768 917; x_wconf 85' lang='lat' dir='ltr'>oausam</span> <span class='ocrx_word' id='word_1_36' title='bbox 785 855 962 938; x_wconf 84' lang='lat' dir='ltr'>alraxerat,</span> <span class='ocrx_word' id='word_1_37' title='bbox 988 849 1076 937; x_wconf 89' lang='lat' dir='ltr'>Ysep</span> <span class='ocrx_word' id='word_1_38' title='bbox 1093 856 1126 918; x_wconf 91' lang='lat' dir='ltr'>et</span> <span class='ocrx_word' id='word_1_39' title='bbox 1143 848 1297 920; x_wconf 85' lang='lat' dir='ltr'>Geleohie</span> 
     </span>
     <span class='ocr_line' id='line_1_6' title="bbox 164 955 1295 1046; baseline 0.001 -21"><span class='ocrx_word' id='word_1_40' title='bbox 164 955 376 1044; x_wconf 89' lang='lat' dir='ltr'>supradietis</span> <span class='ocrx_word' id='word_1_41' title='bbox 392 964 425 1024; x_wconf 92' lang='lat' dir='ltr'>et</span> <span class='ocrx_word' id='word_1_42' title='bbox 439 955 584 1043; x_wconf 88' lang='lat' dir='ltr'>ipsorum</span> <span class='ocrx_word' id='word_1_43' title='bbox 605 957 850 1044; x_wconf 79' lang='lat' dir='ltr'>posteritatibus</span> <span class='ocrx_word' id='word_1_44' title='bbox 867 958 1097 1046; x_wconf 78' lang='lat' dir='ltr'>perpetualiter</span> <span class='ocrx_word' id='word_1_45' title='bbox 1113 965 1145 1028; x_wconf 84' lang='lat' dir='ltr'>st</span> <span class='ocrx_word' id='word_1_46' title='bbox 1161 958 1295 1046; x_wconf 87' lang='lat' dir='ltr'>paoifiee</span> 
     </span>
     <span class='ocr_line' id='line_1_7' title="bbox 164 1063 1294 1154; baseline 0.002 -20"><span class='ocrx_word' id='word_1_47' title='bbox 164 1064 389 1153; x_wconf 86' lang='lat' dir='ltr'>possidendas.</span> <span class='ocrx_word' id='word_1_48' title='bbox 414 1063 484 1145; x_wconf 84' lang='lat' dir='ltr'>Quo</span> <span class='ocrx_word' id='word_1_49' title='bbox 500 1065 632 1151; x_wconf 89' lang='lat' dir='ltr'>quidem</span> <span class='ocrx_word' id='word_1_50' title='bbox 649 1066 744 1136; x_wconf 83' lang='lat' dir='ltr'>vinee</span> <span class='ocrx_word' id='word_1_51' title='bbox 758 1067 921 1152; x_wconf 89' lang='lat' dir='ltr'>quondam</span> <span class='ocrx_word' id='word_1_52' title='bbox 938 1086 997 1153; x_wconf 89' lang='lat' dir='ltr'>per</span> <span class='ocrx_word' id='word_1_53' title='bbox 1012 1065 1141 1135; x_wconf 90' lang='lat' dir='ltr'>eosdem</span> <span class='ocrx_word' id='word_1_54' title='bbox 1167 1065 1294 1154; x_wconf 86' lang='lat' dir='ltr'>prelato</span> 
     </span>
     <span class='ocr_line' id='line_1_8' title="bbox 171 1172 1290 1263; baseline 0.002 -21"><span class='ocrx_word' id='word_1_55' title='bbox 171 1175 265 1263; x_wconf 78' lang='lat' dir='ltr'>llloys</span> <span class='ocrx_word' id='word_1_56' title='bbox 281 1173 414 1241; x_wconf 88' lang='lat' dir='ltr'>vendite</span> <span class='ocrx_word' id='word_1_57' title='bbox 430 1172 567 1256; x_wconf 84' lang='lat' dir='ltr'>fueraut,</span> <span class='ocrx_word' id='word_1_58' title='bbox 584 1180 617 1242; x_wconf 88' lang='lat' dir='ltr'>et</span> <span class='ocrx_word' id='word_1_59' title='bbox 632 1176 836 1261; x_wconf 90' lang='lat' dir='ltr'>postmodum</span> <span class='ocrx_word' id='word_1_60' title='bbox 852 1175 1016 1244; x_wconf 79' lang='lat' dir='ltr'>abeodem</span> <span class='ocrx_word' id='word_1_61' title='bbox 1027 1175 1113 1246; x_wconf 83' lang='lat' dir='ltr'>iusta</span> <span class='ocrx_word' id='word_1_62' title='bbox 1123 1176 1290 1262; x_wconf 80' lang='lat' dir='ltr'>empcione</span> 
     </span>
     <span class='ocr_line' id='line_1_9' title="bbox 169 1281 1290 1373; baseline 0 -21"><span class='ocrx_word' id='word_1_63' title='bbox 169 1283 258 1370; x_wconf 84' lang='lat' dir='ltr'>Ysep</span> <span class='ocrx_word' id='word_1_64' title='bbox 277 1290 310 1351; x_wconf 90' lang='lat' dir='ltr'>et</span> <span class='ocrx_word' id='word_1_65' title='bbox 335 1281 489 1352; x_wconf 81' lang='lat' dir='ltr'>Geleohie</span> <span class='ocrx_word' id='word_1_66' title='bbox 515 1281 650 1370; x_wconf 87' lang='lat' dir='ltr'>prelatis</span> <span class='ocrx_word' id='word_1_67' title='bbox 681 1283 838 1373; x_wconf 77' lang='lat' dir='ltr'>resolute,</span> <span class='ocrx_word' id='word_1_68' title='bbox 870 1291 965 1370; x_wconf 88' lang='lat' dir='ltr'>prout</span> <span class='ocrx_word' id='word_1_69' title='bbox 997 1290 1108 1372; x_wconf 85' lang='lat' dir='ltr'>partes</span> <span class='ocrx_word' id='word_1_70' title='bbox 1140 1291 1290 1357; x_wconf 86' lang='lat' dir='ltr'>oretenus</span> 
     </span>
     <span class='ocr_line' id='line_1_10' title="bbox 165 1375 1294 1478; baseline -0.002 -18"><span class='ocrx_word' id='word_1_71' title='bbox 165 1375 375 1461; x_wconf 76' lang='lat' dir='ltr'>affirmarunt.</span> <span class='ocrx_word' id='word_1_72' title='bbox 399 1389 541 1471; x_wconf 82' lang='lat' dir='ltr'>Quarum</span> <span class='ocrx_word' id='word_1_73' title='bbox 567 1393 686 1462; x_wconf 86' lang='lat' dir='ltr'>etenim</span> <span class='ocrx_word' id='word_1_74' title='bbox 712 1393 880 1461; x_wconf 86' lang='lat' dir='ltr'>vinearum</span> <span class='ocrx_word' id='word_1_75' title='bbox 912 1413 986 1478; x_wconf 83' lang='lat' dir='ltr'>una,</span> <span class='ocrx_word' id='word_1_76' title='bbox 1019 1393 1107 1478; x_wconf 88' lang='lat' dir='ltr'>Ysep</span> <span class='ocrx_word' id='word_1_77' title='bbox 1140 1393 1294 1460; x_wconf 85' lang='lat' dir='ltr'>videlieet</span> 
     </span>
     <span class='ocr_line' id='line_1_11' title="bbox 159 1498 1293 1590; baseline -0.001 -22"><span class='ocrx_word' id='word_1_78' title='bbox 159 1499 337 1587; x_wconf 71' lang='lat' dir='ltr'>antedicti,</span> <span class='ocrx_word' id='word_1_79' title='bbox 368 1499 625 1585; x_wconf 86' lang='lat' dir='ltr'>queGueszolen</span> <span class='ocrx_word' id='word_1_80' title='bbox 641 1500 770 1588; x_wconf 84' lang='lat' dir='ltr'>dieitur,</span> <span class='ocrx_word' id='word_1_81' title='bbox 800 1502 1014 1568; x_wconf 85' lang='lat' dir='ltr'>iaoetversus</span> <span class='ocrx_word' id='word_1_82' title='bbox 1046 1500 1218 1590; x_wconf 83' lang='lat' dir='ltr'>Woyuoda</span> <span class='ocrx_word' id='word_1_83' title='bbox 1249 1498 1293 1569; x_wconf 90' lang='lat' dir='ltr'>ad</span> 
     </span>
     <span class='ocr_line' id='line_1_12' title="bbox 166 1607 1291 1696; baseline -0.002 -20"><span class='ocrx_word' id='word_1_84' title='bbox 166 1608 331 1694; x_wconf 81' lang='lat' dir='ltr'>quandam</span> <span class='ocrx_word' id='word_1_85' title='bbox 346 1607 465 1676; x_wconf 84' lang='lat' dir='ltr'>vallem</span> <span class='ocrx_word' id='word_1_86' title='bbox 481 1609 657 1694; x_wconf 83' lang='lat' dir='ltr'>sagiueam,</span> <span class='ocrx_word' id='word_1_87' title='bbox 687 1608 814 1678; x_wconf 85' lang='lat' dir='ltr'>habens</span> <span class='ocrx_word' id='word_1_88' title='bbox 828 1628 925 1677; x_wconf 88' lang='lat' dir='ltr'>vnum</span> <span class='ocrx_word' id='word_1_89' title='bbox 942 1607 1038 1676; x_wconf 90' lang='lat' dir='ltr'>finem</span> <span class='ocrx_word' id='word_1_90' title='bbox 1056 1607 1100 1676; x_wconf 86' lang='lat' dir='ltr'>ad</span> <span class='ocrx_word' id='word_1_91' title='bbox 1125 1610 1291 1696; x_wconf 86' lang='lat' dir='ltr'>orientem,</span> 
     </span>
     <span class='ocr_line' id='line_1_13' title="bbox 165 1715 1294 1804; baseline 0.001 -21"><span class='ocrx_word' id='word_1_92' title='bbox 165 1718 305 1784; x_wconf 88' lang='lat' dir='ltr'>alterum</span> <span class='ocrx_word' id='word_1_93' title='bbox 331 1737 408 1786; x_wconf 83' lang='lat' dir='ltr'>uero</span> <span class='ocrx_word' id='word_1_94' title='bbox 432 1716 476 1784; x_wconf 85' lang='lat' dir='ltr'>ad</span> <span class='ocrx_word' id='word_1_95' title='bbox 507 1715 723 1799; x_wconf 83' lang='lat' dir='ltr'>oeoidentem3</span> <span class='ocrx_word' id='word_1_96' title='bbox 749 1716 856 1786; x_wconf 86' lang='lat' dir='ltr'>altera</span> <span class='ocrx_word' id='word_1_97' title='bbox 887 1723 1006 1804; x_wconf 90' lang='lat' dir='ltr'>autem,</span> <span class='ocrx_word' id='word_1_98' title='bbox 1038 1717 1163 1785; x_wconf 87' lang='lat' dir='ltr'>soilioet</span> <span class='ocrx_word' id='word_1_99' title='bbox 1194 1717 1294 1786; x_wconf 86' lang='lat' dir='ltr'>vinea</span> 
     </span>
     <span class='ocr_line' id='line_1_14' title="bbox 166 1821 1294 1912; baseline -0.001 -19"><span class='ocrx_word' id='word_1_100' title='bbox 166 1821 309 1894; x_wconf 80' lang='lat' dir='ltr'>eiusdem</span> <span class='ocrx_word' id='word_1_101' title='bbox 326 1823 475 1894; x_wconf 85' lang='lat' dir='ltr'>Gelethie</span> <span class='ocrx_word' id='word_1_102' title='bbox 490 1825 575 1894; x_wconf 90' lang='lat' dir='ltr'>iaoet</span> <span class='ocrx_word' id='word_1_103' title='bbox 590 1824 675 1893; x_wconf 86' lang='lat' dir='ltr'>inira</span> <span class='ocrx_word' id='word_1_104' title='bbox 690 1824 812 1894; x_wconf 85' lang='lat' dir='ltr'>Seelrta</span> <span class='ocrx_word' id='word_1_105' title='bbox 827 1827 911 1894; x_wconf 87' lang='lat' dir='ltr'>iuter</span> <span class='ocrx_word' id='word_1_106' title='bbox 927 1826 1102 1912; x_wconf 82' lang='lat' dir='ltr'>duasvias,</span> <span class='ocrx_word' id='word_1_107' title='bbox 1119 1825 1211 1894; x_wconf 86' lang='lat' dir='ltr'>aulus</span> <span class='ocrx_word' id='word_1_108' title='bbox 1221 1825 1294 1893; x_wconf 86' lang='lat' dir='ltr'>linis</span> 
     </span>
     <span class='ocr_line' id='line_1_15' title="bbox 166 1921 1290 2020; baseline 0.001 -20"><span class='ocrx_word' id='word_1_109' title='bbox 166 1954 249 2002; x_wconf 82' lang='lat' dir='ltr'>unus</span> <span class='ocrx_word' id='word_1_110' title='bbox 264 1921 468 2020; x_wconf 84' lang='lat' dir='ltr'>protenditur</span> <span class='ocrx_word' id='word_1_111' title='bbox 483 1933 526 2001; x_wconf 85' lang='lat' dir='ltr'>ad</span> <span class='ocrx_word' id='word_1_112' title='bbox 542 1933 718 2020; x_wconf 90' lang='lat' dir='ltr'>meridiem,</span> <span class='ocrx_word' id='word_1_113' title='bbox 751 1935 886 2002; x_wconf 85' lang='lat' dir='ltr'>elalius</span> <span class='ocrx_word' id='word_1_114' title='bbox 911 1933 954 2001; x_wconf 89' lang='lat' dir='ltr'>ad</span> <span class='ocrx_word' id='word_1_115' title='bbox 985 1934 1181 2018; x_wconf 88' lang='lat' dir='ltr'>aquilonem.</span> <span class='ocrx_word' id='word_1_116' title='bbox 1220 1931 1290 2001; x_wconf 88' lang='lat' dir='ltr'>Hoo</span> 
     </span>
     <span class='ocr_line' id='line_1_16' title="bbox 166 2039 1293 2130; baseline -0.002 -20"><span class='ocrx_word' id='word_1_117' title='bbox 166 2039 305 2129; x_wconf 79' lang='lat' dir='ltr'>adiecto,</span> <span class='ocrx_word' id='word_1_118' title='bbox 323 2041 448 2126; x_wconf 88' lang='lat' dir='ltr'>quodsi</span> <span class='ocrx_word' id='word_1_119' title='bbox 464 2041 581 2110; x_wconf 83' lang='lat' dir='ltr'>iratres</span> <span class='ocrx_word' id='word_1_120' title='bbox 597 2043 765 2110; x_wconf 86' lang='lat' dir='ltr'>memorati</span> <span class='ocrx_word' id='word_1_121' title='bbox 781 2044 884 2130; x_wconf 86' lang='lat' dir='ltr'>Moys,</span> <span class='ocrx_word' id='word_1_122' title='bbox 899 2048 958 2110; x_wconf 88' lang='lat' dir='ltr'>aut</span> <span class='ocrx_word' id='word_1_123' title='bbox 972 2042 1115 2129; x_wconf 88' lang='lat' dir='ltr'>ipsorum</span> <span class='ocrx_word' id='word_1_124' title='bbox 1131 2059 1293 2108; x_wconf 84' lang='lat' dir='ltr'>sueoesso</span> 
     </span>
     <span class='ocr_line' id='line_1_17' title="bbox 168 2147 1293 2239; baseline 0 -22"><span class='ocrx_word' id='word_1_125' title='bbox 168 2169 234 2239; x_wconf 89' lang='lat' dir='ltr'>res,</span> <span class='ocrx_word' id='word_1_126' title='bbox 250 2149 342 2238; x_wconf 90' lang='lat' dir='ltr'>Ysup</span> <span class='ocrx_word' id='word_1_127' title='bbox 358 2157 390 2218; x_wconf 91' lang='lat' dir='ltr'>et</span> <span class='ocrx_word' id='word_1_128' title='bbox 406 2149 564 2219; x_wconf 85' lang='lat' dir='ltr'>Geleohie</span> <span class='ocrx_word' id='word_1_129' title='bbox 580 2155 765 2238; x_wconf 81' lang='lat' dir='ltr'>prenotatos</span> <span class='ocrx_word' id='word_1_130' title='bbox 781 2150 912 2219; x_wconf 83' lang='lat' dir='ltr'>racione</span> <span class='ocrx_word' id='word_1_131' title='bbox 924 2151 1174 2236; x_wconf 77' lang='lat' dir='ltr'>prescriptarum</span> <span class='ocrx_word' id='word_1_132' title='bbox 1185 2147 1293 2217; x_wconf 84' lang='lat' dir='ltr'>vinea·</span> 
     </span>
     <span class='ocr_line' id='line_1_18' title="bbox 166 2256 1293 2347; baseline -0.001 -21"><span class='ocrx_word' id='word_1_133' title='bbox 166 2277 237 2326; x_wconf 89' lang='lat' dir='ltr'>ram</span> <span class='ocrx_word' id='word_1_134' title='bbox 253 2259 409 2344; x_wconf 85' lang='lat' dir='ltr'>impetere</span> <span class='ocrx_word' id='word_1_135' title='bbox 424 2258 697 2344; x_wconf 84' lang='lat' dir='ltr'>attemptanerint,</span> <span class='ocrx_word' id='word_1_136' title='bbox 727 2259 814 2326; x_wconf 89' lang='lat' dir='ltr'>idem</span> <span class='ocrx_word' id='word_1_137' title='bbox 831 2260 924 2347; x_wconf 85' lang='lat' dir='ltr'>Moys</span> <span class='ocrx_word' id='word_1_138' title='bbox 941 2265 998 2326; x_wconf 88' lang='lat' dir='ltr'>aut</span> <span class='ocrx_word' id='word_1_139' title='bbox 1023 2256 1125 2345; x_wconf 87' lang='lat' dir='ltr'>ipsius</span> <span class='ocrx_word' id='word_1_140' title='bbox 1155 2256 1293 2326; x_wconf 85' lang='lat' dir='ltr'>heredes</span> 
     </span>
     <span class='ocr_line' id='line_1_19' title="bbox 165 2365 1291 2455; baseline 0.002 -23"><span class='ocrx_word' id='word_1_141' title='bbox 165 2370 316 2435; x_wconf 90' lang='lat' dir='ltr'>tenentur</span> <span class='ocrx_word' id='word_1_142' title='bbox 331 2365 420 2452; x_wconf 87' lang='lat' dir='ltr'>ipsos</span> <span class='ocrx_word' id='word_1_143' title='bbox 436 2367 469 2433; x_wconf 94' lang='lat' dir='ltr'>in</span> <span class='ocrx_word' id='word_1_144' title='bbox 486 2366 594 2436; x_wconf 81' lang='lat' dir='ltr'>nausis</span> <span class='ocrx_word' id='word_1_145' title='bbox 609 2369 758 2437; x_wconf 88' lang='lat' dir='ltr'>omnibus</span> <span class='ocrx_word' id='word_1_146' title='bbox 775 2368 937 2455; x_wconf 89' lang='lat' dir='ltr'>expedire.</span> <span class='ocrx_word' id='word_1_147' title='bbox 953 2369 990 2434; x_wconf 89' lang='lat' dir='ltr'>ln</span> <span class='ocrx_word' id='word_1_148' title='bbox 1007 2368 1099 2435; x_wconf 87' lang='lat' dir='ltr'>ouius</span> <span class='ocrx_word' id='word_1_149' title='bbox 1115 2365 1162 2432; x_wconf 87' lang='lat' dir='ltr'>rei</span> <span class='ocrx_word' id='word_1_150' title='bbox 1172 2385 1291 2434; x_wconf 89' lang='lat' dir='ltr'>memo·</span> 
     </span>
     <span class='ocr_line' id='line_1_20' title="bbox 165 2473 1292 2566; baseline 0.001 -26"><span class='ocrx_word' id='word_1_151' title='bbox 165 2473 247 2540; x_wconf 90' lang='lat' dir='ltr'>riam</span> <span class='ocrx_word' id='word_1_152' title='bbox 263 2479 296 2540; x_wconf 89' lang='lat' dir='ltr'>ot</span> <span class='ocrx_word' id='word_1_153' title='bbox 314 2477 477 2544; x_wconf 89' lang='lat' dir='ltr'>munimen</span> <span class='ocrx_word' id='word_1_154' title='bbox 492 2484 684 2562; x_wconf 87' lang='lat' dir='ltr'>perpetuum</span> <span class='ocrx_word' id='word_1_155' title='bbox 702 2477 744 2544; x_wconf 88' lang='lat' dir='ltr'>ad</span> <span class='ocrx_word' id='word_1_156' title='bbox 760 2477 952 2566; x_wconf 79' lang='lat' dir='ltr'>peticionem</span> <span class='ocrx_word' id='word_1_157' title='bbox 968 2477 1113 2563; x_wconf 82' lang='lat' dir='ltr'>parcium</span> <span class='ocrx_word' id='word_1_158' title='bbox 1125 2479 1292 2561; x_wconf 88' lang='lat' dir='ltr'>presentes</span> 
     </span>
     <span class='ocr_line' id='line_1_21' title="bbox 166 2581 1293 2669; baseline 0.002 -19"><span class='ocrx_word' id='word_1_159' title='bbox 166 2581 387 2652; x_wconf 84' lang='lat' dir='ltr'>ooneessimus</span> <span class='ocrx_word' id='word_1_160' title='bbox 401 2583 529 2654; x_wconf 81' lang='lat' dir='ltr'>litteras</span> <span class='ocrx_word' id='word_1_161' title='bbox 545 2585 648 2669; x_wconf 81' lang='lat' dir='ltr'>sigilli</span> <span class='ocrx_word' id='word_1_162' title='bbox 664 2586 766 2654; x_wconf 88' lang='lat' dir='ltr'>nostri</span> <span class='ocrx_word' id='word_1_163' title='bbox 783 2585 960 2655; x_wconf 89' lang='lat' dir='ltr'>munimine</span> <span class='ocrx_word' id='word_1_164' title='bbox 977 2587 1156 2656; x_wconf 88' lang='lat' dir='ltr'>roboratas.</span> <span class='ocrx_word' id='word_1_165' title='bbox 1172 2587 1293 2653; x_wconf 86' lang='lat' dir='ltr'>Datum</span> 
     </span>
     <span class='ocr_line' id='line_1_22' title="bbox 166 2691 779 2781; baseline 0.011 -23"><span class='ocrx_word' id='word_1_166' title='bbox 166 2711 253 2760; x_wconf 91' lang='lat' dir='ltr'>anno</span> <span class='ocrx_word' id='word_1_167' title='bbox 268 2691 379 2781; x_wconf 80' lang='lat' dir='ltr'>grauia</span> <span class='ocrx_word' id='word_1_168' title='bbox 393 2691 512 2762; x_wconf 80' lang='lat' dir='ltr'>M⁰GG⁰</span> <span class='ocrx_word' id='word_1_169' title='bbox 528 2694 779 2781; x_wconf 79' lang='lat' dir='ltr'>septuagesimo.</span> 
     </span>
    </p>
   </div>
   <div class='ocr_carea' id='block_1_4' title="bbox 274 2893 1185 2963">
    <p class='ocr_par' dir='ltr' id='par_1_4' title="bbox 274 2893 1185 2963">
     <span class='ocr_line' id='line_1_23' title="bbox 274 2893 1185 2963; baseline -0.001 -14"><span class='ocrx_word' id='word_1_170' title='bbox 274 2894 359 2955; x_wconf 74' lang='lat' dir='ltr'>(xiv.</span> <span class='ocrx_word' id='word_1_171' title='bbox 374 2893 487 2950; x_wconf 73' lang='lat' dir='ltr'>audradi</span> <span class='ocrx_word' id='word_1_172' title='bbox 499 2895 620 2950; x_wconf 82' lang='lat' dir='ltr'>mdsolat</span> <span class='ocrx_word' id='word_1_173' title='bbox 632 2911 650 2949; x_wconf 88' lang='lat' dir='ltr'>a</span> <span class='ocrx_word' id='word_1_174' title='bbox 662 2896 749 2950; x_wconf 82' lang='lat' dir='ltr'>budei</span> <span class='ocrx_word' id='word_1_175' title='bbox 761 2897 814 2952; x_wconf 83' lang='lat' dir='ltr'>luir.</span> <span class='ocrx_word' id='word_1_176' title='bbox 835 2897 964 2954; x_wconf 82' lang='lat' dir='ltr'>kamarai</span> <span class='ocrx_word' id='word_1_177' title='bbox 988 2894 1185 2963; x_wconf 77' lang='lat' dir='ltr'>levdltdrban.)</span> 
     </span>
    </p>
   </div>
   <div class='ocr_carea' id='block_1_5' title="bbox 594 3184 856 3200">
    <p class='ocr_par' dir='ltr' id='par_1_5' title="bbox 594 3184 856 3200">
     <span class='ocr_line' id='line_1_24' title="bbox 594 3184 856 3200; baseline -0.004 -3"><span class='ocrx_word' id='word_1_178' title='bbox 594 3184 856 3200; x_wconf 51' lang='lat' dir='ltr'>*n-</span> 
     </span>
    </p>
   </div>
   <div class='ocr_carea' id='block_1_6' title="bbox 692 3815 768 3884">
    <p class='ocr_par' dir='ltr' id='par_1_6' title="bbox 692 3815 768 3884">
     <span class='ocr_line' id='line_1_25' title="bbox 692 3815 768 3884; baseline 0.026 -2"><span class='ocrx_word' id='word_1_179' title='bbox 692 3815 768 3884; x_wconf 75' lang='lat' dir='ltr'>loo.</span> 
     </span>
    </p>
   </div>
   <div class='ocr_carea' id='block_1_7' title="bbox 161 4010 1292 4324">
    <p class='ocr_par' dir='ltr' id='par_1_7' title="bbox 161 4010 1292 4324">
     <span class='ocr_line' id='line_1_26' title="bbox 162 4010 1292 4110; baseline 0.012 -32"><span class='ocrx_word' id='word_1_180' title='bbox 162 4010 193 4078; x_wconf 85' lang='lat' dir='ltr'><em>A</em></span> <span class='ocrx_word' id='word_1_181' title='bbox 210 4015 349 4100; x_wconf 74' lang='lat' dir='ltr'>adprdds‘</span> <span class='ocrx_word' id='word_1_182' title='bbox 364 4013 589 4099; x_wconf 71' lang='lat' dir='ltr'>laptulaoaalr</span> <span class='ocrx_word' id='word_1_183' title='bbox 604 4016 885 4106; x_wconf 75' lang='lat' dir='ltr'>dizonyadpleoole,</span> <span class='ocrx_word' id='word_1_184' title='bbox 903 4021 988 4108; x_wconf 75' lang='lat' dir='ltr'>kopp</span> <span class='ocrx_word' id='word_1_185' title='bbox 1004 4047 1026 4086; x_wconf 88' lang='lat' dir='ltr'>a</span> <span class='ocrx_word' id='word_1_186' title='bbox 1043 4021 1194 4109; x_wconf 80' lang='lat' dir='ltr'>toposkai</span> <span class='ocrx_word' id='word_1_187' title='bbox 1209 4030 1292 4110; x_wconf 83' lang='lat' dir='ltr'>opdt</span> 
     </span>
     <span class='ocr_line' id='line_1_27' title="bbox 162 4119 1292 4215; baseline 0.015 -31"><span class='ocrx_word' id='word_1_188' title='bbox 162 4119 390 4207; x_wconf 76' lang='lat' dir='ltr'>mepdisottjai,</span> <span class='ocrx_word' id='word_1_189' title='bbox 407 4125 437 4188; x_wconf 74' lang='lat' dir='ltr'>ds</span> <span class='ocrx_word' id='word_1_190' title='bbox 456 4123 633 4190; x_wconf 73' lang='lat' dir='ltr'>diorismata</span> <span class='ocrx_word' id='word_1_191' title='bbox 649 4125 773 4191; x_wconf 72' lang='lat' dir='ltr'>Hirtus</span> <span class='ocrx_word' id='word_1_192' title='bbox 787 4147 890 4194; x_wconf 78' lang='lat' dir='ltr'>sontes</span> <span class='ocrx_word' id='word_1_193' title='bbox 898 4129 963 4215; x_wconf 83' lang='lat' dir='ltr'>fia,</span> <span class='ocrx_word' id='word_1_194' title='bbox 977 4129 1121 4196; x_wconf 67' lang='lat' dir='ltr'>arraret</span> <span class='ocrx_word' id='word_1_195' title='bbox 1135 4133 1167 4198; x_wconf 67' lang='lat' dir='ltr'>afa</span> <span class='ocrx_word' id='word_1_196' title='bbox 1183 4132 1292 4201; x_wconf 88' lang='lat' dir='ltr'>Powo·</span> 
     </span>
     <span class='ocr_line' id='line_1_28' title="bbox 161 4229 1290 4324; baseline 0.011 -30"><span class='ocrx_word' id='word_1_197' title='bbox 161 4229 220 4295; x_wconf 82' lang='lat' dir='ltr'>aio</span> <span class='ocrx_word' id='word_1_198' title='bbox 245 4230 406 4316; x_wconf 75' lang='lat' dir='ltr'>helpodpelr</span> <span class='ocrx_word' id='word_1_199' title='bbox 431 4233 565 4299; x_wconf 80' lang='lat' dir='ltr'>datdrau&#39;</span> <span class='ocrx_word' id='word_1_200' title='bbox 590 4233 680 4299; x_wconf 76' lang='lat' dir='ltr'>trdut</span> <span class='ocrx_word' id='word_1_201' title='bbox 705 4235 1290 4324; x_wconf 75' lang='lat' dir='ltr'>bardlodpoaaurppezlsodtelr.1270.</span> 
     </span>
    </p>
   </div>
   <div class='ocr_carea' id='block_1_8' title="bbox 153 4423 1320 4746">
    <p class='ocr_par' dir='ltr' id='par_1_8' title="bbox 153 4423 1320 4746">
     <span class='ocr_line' id='line_1_29' title="bbox 271 4423 1290 4522; baseline 0.016 -31"><span class='ocrx_word' id='word_1_202' title='bbox 271 4423 459 4510; x_wconf 79' lang='lat' dir='ltr'>Capitulum</span> <span class='ocrx_word' id='word_1_203' title='bbox 504 4427 735 4513; x_wconf 81' lang='lat' dir='ltr'>Zagrabieusis</span> <span class='ocrx_word' id='word_1_204' title='bbox 776 4432 924 4501; x_wconf 81' lang='lat' dir='ltr'>Eodesie</span> <span class='ocrx_word' id='word_1_205' title='bbox 963 4433 1112 4503; x_wconf 89' lang='lat' dir='ltr'>omuibus</span> <span class='ocrx_word' id='word_1_206' title='bbox 1154 4455 1290 4522; x_wconf 89' lang='lat' dir='ltr'>presens</span> 
     </span>
     <span class='ocr_line' id='line_1_30' title="bbox 162 4533 1320 4622; baseline 0.013 -22"><span class='ocrx_word' id='word_1_207' title='bbox 162 4533 321 4618; x_wconf 86' lang='lat' dir='ltr'>seriptum</span> <span class='ocrx_word' id='word_1_208' title='bbox 348 4533 545 4622; x_wconf 75' lang='lat' dir='ltr'>inspecturis</span> <span class='ocrx_word' id='word_1_209' title='bbox 576 4537 714 4605; x_wconf 85' lang='lat' dir='ltr'>salutem</span> <span class='ocrx_word' id='word_1_210' title='bbox 746 4539 779 4606; x_wconf 89' lang='lat' dir='ltr'>in</span> <span class='ocrx_word' id='word_1_211' title='bbox 811 4541 958 4610; x_wconf 88' lang='lat' dir='ltr'>Domino.</span> <span class='ocrx_word' id='word_1_212' title='bbox 989 4541 1041 4611; x_wconf 84' lang='lat' dir='ltr'>Ad</span> <span class='ocrx_word' id='word_1_213' title='bbox 1071 4545 1320 4616; x_wconf 82' lang='lat' dir='ltr'>uniuersorum</span> 
     </span>
     <span class='ocr_line' id='line_1_31' title="bbox 153 4641 1290 4746; baseline 0.013 -38"><span class='ocrx_word' id='word_1_214' title='bbox 153 4641 317 4711; x_wconf 77' lang='lat' dir='ltr'>noticiam</span> <span class='ocrx_word' id='word_1_215' title='bbox 349 4641 463 4712; x_wconf 81' lang='lat' dir='ltr'>harum</span> <span class='ocrx_word' id='word_1_216' title='bbox 494 4643 580 4714; x_wconf 88' lang='lat' dir='ltr'>serie</span> <span class='ocrx_word' id='word_1_217' title='bbox 611 4646 764 4718; x_wconf 84' lang='lat' dir='ltr'>volumus</span> <span class='ocrx_word' id='word_1_218' title='bbox 795 4649 965 4742; x_wconf 83' lang='lat' dir='ltr'>pervenire</span> <span class='ocrx_word' id='word_1_219' title='bbox 982 4675 990 4718; x_wconf 74' lang='grc' dir='ltr'><strong><em>ε</em></strong></span> <span class='ocrx_word' id='word_1_220' title='bbox 1006 4652 1092 4746; x_wconf 86' lang='lat' dir='ltr'>quod</span> <span class='ocrx_word' id='word_1_221' title='bbox 1124 4656 1290 4736; x_wconf 79' lang='lat' dir='ltr'>constituti</span> 
     </span>
    </p>
   </div>
   <div class='ocr_carea' id='block_1_9' title="bbox 0 0 1608 5184">
    <p class='ocr_par' dir='ltr' id='par_1_9' title="bbox 0 0 1608 5184">
     <span class='ocr_line' id='line_1_32' title="bbox 0 0 1608 5184; baseline 0 0"><span class='ocrx_word' id='word_1_222' title='bbox 0 0 1608 5184; x_wconf 95' lang='lat' dir='ltr'> </span> 
     </span>
    </p>
   </div>
  </div>
 </body>
</html>
