3116 5186
9 4335 12 4428 ζ
66 4353 151 4418 ratus.
172 4351 242 4417 Nos
258 4348 356 4434 igitur
373 4369 413 4416 cs
431 4348 535 4416 officio
551 4347 668 4431 quibus
684 4348 789 4432 Regio
820 4345 990 4432 dignitatis
1021 4347 1178 4415 incumbit

9 4453 157 4522 metiri
173 4458 289 4525 marita
305 4456 518 4544 singulorum,
550 4463 582 4522 ct
596 4457 736 4542 singuiis
752 4475 810 4542 pro
827 4453 951 4523 maritis
966 4454 1173 4544 respondere,

9 4578 242 4666 quanquam
257 4586 315 4654 pro
332 4565 458 4634 modico
474 4570 659 4656 reputemus
676 4563 762 4653 quod
778 4561 820 4634 cd
838 4581 973 4651 presens
1003 4562 1066 4634 sibi
1097 4562 1173 4634 faoi·

9 4625 11 4708 d

9 4751 11 4830 t

9 4909 11 4999 t

539 249 700 350 jar„-

167 446 234 532 Ego
249 444 415 514 Johannes
432 447 553 515 castori
571 447 773 514 examinator
795 467 926 514 manum
944 467 1047 517 meam
1080 449 1182 523 mitro.

78 555 112 625 br
125 557 188 642 Ego
204 553 380 638 Gausinna,
396 553 601 623 Primiccrius
617 561 649 622 ct
672 555 900 638 Traguricnsis
926 554 1058 623 duratus
1084 558 1183 626 Nota·

9 681 10 686 ’
77 664 140 746 rius,
169 668 315 749 precepto
329 662 547 747 predictorum
564 662 716 735 Jndicum
736 668 768 731 et
783 661 1032 736 Communitatis
1058 664 1183 750 Tragu-

76 773 181 839 ricnsis
197 772 280 839 hano
295 777 418 838 cartam
436 770 553 858 scripsi
569 779 601 838 et
616 769 709 854 signo
725 776 879 840 consueto
897 771 1034 858 signavi.

73 969 195 1032 (iinadetie
213 985 230 1020 a
247 970 325 1022 becsi
345 971 467 1021 essiszdri
486 971 576 1022 titkos
594 971 777 1022 levdltdrban.
807 969 833 1019 A
852 970 1018 1022 bekekbtdst
1036 971 1097 1023 ldsd
1128 973 1182 1026 ok-

143 1060 328 1133 mbuytduunlr
347 1063 409 1116 vn.
429 1062 528 1129 vagyis
547 1077 564 1114 ι
582 1063 620 1114 11.
641 1061 749 1128 totyam
770 1065 793 1113 2.
813 1061 962 1116 kdtetdbcn
984 1065 1043 1118 149.
1062 1065 1094 1128 1.)

484 1369 754 1386 mu·-

583 1801 661 1871 235.

9 1997 88 2070 Ι
92 1997 119 2063 V
154 1999 236 2066 Rota
267 1999 382 2085 kirdly
422 1999 546 2086 Vojczlri
575 2001 735 2089 bclyrc'pct
766 2004 923 2089 tdrppuzd
948 2002 1183 2092 prr'cr'lrpr'umo

273 2105 394 2174 odunt
410 2103 549 2174 Ambos
564 2129 662 2174 comes
677 2113 836 2175 ιιάιιάιι.
855 2109 953 2178 1244.

163 2303 242 2369 Bela
258 2302 324 2369 Dei
339 2303 452 2386 gracia
476 2300 655 2387 Hungarie,
682 2301 862 2384 Dalmacie,
895 2304 1039 2394 Croacic,
1070 2307 1182 2391 Reme,

9 2409 177 2502 Seruis,
192 2409 347 2497 Gallioic,
365 2408 567 2495 Lodomcrie,
586 2408 744 2478 Cumanis
760 2412 979 2499 Butgariequc
994 2415 1063 2482 Rex
1081 2413 1181 2480 omni·

9 2505 116 2587 bus
129 2518 247 2588 Christi
266 2518 418 2585 fidelibus
432 2525 617 2602 presentem
635 2520 791 2605 paginam
816 2519 1012 2605 inspecturis
1042 2521 1180 2588 salutem

9 2643 11 2658 ¹
66 2625 92 2692 in
106 2647 177 2694 uero
192 2627 341 2696 salutari.
366 2625 417 2693 Ad
435 2627 655 2694 uniuersorum
673 2627 829 2695 noticiam
846 2633 960 2696 tenore
976 2628 1179 2713 presencium

65 2733 198 2803 volumus
216 2735 400 2823 peruenire,
418 2735 505 2818 quod
521 2755 593 2802 curn
609 2735 747 2804 dilectus
764 2743 797 2804 et
812 2735 918 2806 fidelis
935 2744 1045 2806 noster
1061 2735 1179 2803 Comes

67 2840 193 2911 iambus
210 2842 340 2931 Obusk‚
370 2863 510 2910 unacum
529 2841 705 2912 iratresno
722 2843 845 2910 Comite
862 2840 1032 2911 Ombrosio
1057 2864 1078 2910 a
1103 2850 1180 2911 tem

67 2966 132 3031 pore
140 2951 351 3034 juucntutis'
342 2971 486 3039 rpsorum
504 2951 596 3018 nobis
614 2949 807 3020 adherentes
833 2951 935 3018 multa
966 2950 1176 3018 seruiciorum

67 3055 298 3141 inpenderunt
291 3059 443 3145 insignia,
470 3066 503 3126 et
529 3059 562 3124 in
595 3059 734 3128 diuersis
766 3059 896 3126 fortune
927 3059 1058 3126 casibus
1088 3057 1180 3124 iuxta

66 3175 160 3232 nostre
175 3164 419 3252 beneplacitum
437 3168 613 3234 uoluntatis
630 3187 788 3256 personas
805 3173 837 3234 et
852 3185 904 3234 ιιι
920 3165 1057 3233 fideliter
1081 3184 1178 3250 expo-

66 3273 174 3340 suerint
190 3281 222 3342 et
238 3273 374 3360 deuctc;
400 3274 542 3364 maxime
558 3282 667 3342 tamen
700 3295 739 3342 ec
769 3281 923 3363 ternpore,
955 3294 1018 3358 quo
1049 3275 1179 3340 Tartari

65 3385 193 3446 nostrum
208 3383 359 3467 Regnum
376 3380 535 3449 hostiliter
550 3383 797 3450 subintrarunt'
788 3403 822 3448 ιι
839 3380 1049 3468 expedicione
1065 3381 1180 3452 habita

64 3495 162 3554 contra
176 3496 306 3572 gentem
323 3497 591 3574 prememoratam
609 3490 701 3558 nobis
720 3510 778 3574 pro
813 3489 938 3557 uiribus
969 3488 1179 3558 laudabiliter

67 3587 268 3681 dimicantes;
286 3595 487 3684 postmodum
504 3597 640 3666 antem
630 3617 665 3664 ιι
682 3597 819 3664 ιιιίιιίι
830 3595 1178 3681 facultatisargomcu-

64 3703 119 3766 tun
133 3699 275 3789 p'roprijs
291 3705 468 3772 commodis
485 3713 516 3772 et
533 3707 688 3790 expensis
706 3724 807 3787 usque
824 3703 987 3772 maritima
1018 3711 1095 3770 sunt
1126 3725 1176 3772 sc·

64 3807 128 3888 cnti,
143 3816 216 3876 nost
218 3811 264 3878 ris
280 3810 331 3875 ιι·
323 3830 399 3911 rquc
416 3812 583 3897 obsequiis
600 3810 719 3898 iugiter
734 3811 930 3880 inherentes.
970 3812 1069 3878 Porro
1102 3833 1175 3879 cum

64 3912 156 3984 adbuc
172 3917 260 3985 idem
276 3919 431 3986 bonorum
449 3927 579 3987 actuum
606 3921 767 3988 exercicia
793 3918 894 3986 nullis
927 3918 1177 3987 formidantibus

64 4020 244 4112 ingressum,
262 4047 357 4110 quem
372 4034 486 4095 contra
502 4027 632 4094 eosdem
648 4026 806 4093 Tartarea
822 4026 932 4110 sepius
944 4023 1152 4114 habuimus,
1143 4047 1178 4092 ιι

65 4147 118 4211 ιιι
132 4132 271 4202 Jacobus
288 4132 389 4200 irater
406 4131 548 4201 ciusdem
567 4133 717 4201 Ambrosi
736 4153 794 4219 pro
808 4132 957 4198 militioia
973 4128 1058 4219 (igy)
1071 4134 1176 4217 Regni

9 4235 152 4330 {nostri
169 4249 219 4308 est
236 4241 460 4327 interemptus,
477 4239 669 4308 Ambrosius
687 4259 763 4306 nero
780 4239 846 4306 fere
864 4237 1006 4308 letaliter
1017 4247 1068 4306 est
1079 4241 1178 4307 wlne-
