3182 5200
363 1207 392 1274 A
409 1207 605 1295 Froopepulo
618 1204 779 1273 mtto-es
803 1202 901 1290 Vaplo
916 1205 1013 1291 culpet
1029 1203 1158 1270 Iolcosoi
1174 1205 1261 1270 lstlall
1269 1201 1482 1291 opponerem

715 1309 1016 1398 puntualmente.
1034 1312 1131 1376 1198.
1493 1339 1496 1346 ¹

472 1511 510 1578 In
527 1510 658 1577 nomine
674 1508 804 1576 Domini
824 1508 884 1574 Dei
900 1515 932 1576 et
947 1508 1129 1576 Salvatoris
1146 1509 1247 1578 nostri
1264 1510 1343 1576 lesu
1360 1506 1494 1574 Christi.

360 1619 454 1686 Anno
471 1617 601 1687 Domini
616 1616 804 1684 millessimo
815 1616 987 1684 centesimo
998 1617 1208 1702 nonagesimo
1227 1625 1351 1700 octauo,
1368 1617 1495 1684 mensis

361 1725 472 1813 Medii,
484 1725 657 1794 indictione
669 1724 782 1810 prima,
793 1723 847 1790 die
857 1723 1213 1807 quintoTcstificamus
1224 1745 1283 1791 nos
1294 1723 1494 1810 quidemlto-

364 1829 962 1918 geriusllauroceuoArbensisllomes
973 1830 1259 1918 etThomaLongo
1275 1831 1442 1898 habitator
1458 1831 1492 1896 in

364 1941 501 2009 confinio
515 1942 635 2010 Sancte
650 1939 751 2007 Mario
768 1941 920 2007 Formosa
941 1937 950 2006 ἐ
972 1939 1058 2023 quod
1075 1939 1213 2024 quodam
1231 1947 1315 2007 retro
1333 1949 1491 2025 tempore,

365 2049 489 2116 scilicet
500 2054 708 2135 percurrente
717 2067 803 2114 anno
819 2045 949 2114 Domini
966 2045 1139 2114 millesimo
1155 2048 1331 2114 centesimo
1347 2067 1492 2131 nonage-

224 2245 227 2250 ι
333 2144 444 2226 'aimo
455 2155 603 2242 septimo,
612 2173 722 2224 mense
731 2154 829 2241 lulio,
841 2154 1014 2221 indictione
1024 2153 1274 2243 quintadecima,
1284 2175 1344 2222 nos
1355 2175 1484 2222 cramus

363 2268 397 2331 in
423 2263 531 2330 insula
555 2261 657 2346 Vegle
672 2269 750 2328 ante
774 2262 971 2347 presentiam
988 2262 1069 2330 Boni
1086 2262 1142 2330 lilii
1160 2263 1269 2329 Dondi
1287 2262 1328 2330 de
1344 2263 1487 2330 confinio
1515 2303 1521 2318 -
1573 2309 1580 2316 -

363 2374 481 2440 Sancte
501 2368 626 2437 Marino
659 2371 781 2454 legatus
798 2368 921 2436 domini
937 2371 1039 2438 nostri
1071 2369 1204 2436 Henrici
1219 2369 1364 2438 Dandull
1378 2377 1413 2438 ct
1428 2371 1489 2437 Oo

363 2479 470 2546 munis
487 2477 709 2558 veneciarum,
737 2478 866 2562 quando
882 2479 953 2564 ipse
969 2476 1097 2562 legatus
1112 2478 1243 2547 vocavit
1260 2486 1336 2545 ante
1352 2499 1388 2546 se
1403 2479 1484 2544 Bar·

362 2588 530 2670 tolomeus,
561 2585 732 2670 Veglensis
765 2583 879 2654 Comes
896 2605 1001 2672 nuper
1025 2584 1207 2665 defunctus,
1223 2592 1256 2652 et
1278 2581 1483 2670 Veglisanos,

363 2701 395 2762 ct
411 2692 554 2760 ostendit
562 2692 610 2760 eis
620 2693 747 2760 litteras
763 2691 902 2781 scriptas
913 2691 1100 2776 Veglisanis
1116 2713 1176 2778 per
1190 2691 1354 2759 dominum
1364 2694 1488 2760 Ducem

363 2807 395 2867 et
411 2800 613 2870 consiliariis
628 2801 710 2886 eius,
727 2801 760 2866 in
777 2797 894 2884 quibus
910 2800 995 2868 inter
1021 2799 1131 2866 omnia
1146 2798 1383 2884 continebatur,
1400 2803 1486 2884 qnod
1589 2839 1590 2844 ,

364 2910 451 2977 idem
467 2909 576 2976 Bonus
592 2907 678 2974 filius
695 2906 803 2974 Dontli
818 2907 951 2974 deberet
975 2906 1083 2975 lacere
1099 2908 1149 2975 eis
1165 2906 1333 2994 rationem,
1350 2913 1384 2975 et
1399 2909 1489 2991 quic·
1589 2973 1590 2976 ,

362 3016 534 3102 quidinde
565 3017 699 3103 laceret,
715 3015 880 3102 predictus
895 3017 1043 3084 dominus
1059 3017 1135 3083 Dux
1152 3025 1184 3084 et
1199 3017 1386 3085 Consiliarii
1412 3020 1485 3086 eius
1532 3001 1539 3098 ⁸,

360 3134 466 3194 ratum
481 3127 647 3194 haberent.
663 3123 715 3191 Ad
725 3123 784 3192 hee
800 3123 967 3211 predictus
984 3125 1092 3192 Bonus
1110 3125 1197 3192 filius
1213 3123 1319 3192 Dondi
1330 3123 1414 3192 dixit
1430 3126 1488 3214 eis,

362 3234 450 3318 quod
466 3239 600 3320 paratus
611 3239 681 3300 erat
691 3233 853 3318 complere
863 3240 896 3299 et
905 3232 1013 3300 lacero
1024 3239 1137 3318 totum,
1148 3232 1234 3318 quod
1243 3231 1273 3299 ei
1282 3233 1326 3299 ab
1336 3232 1488 3300 illustris·
1585 3220 1588 3232 '

363 3343 445 3411 simo
456 3341 587 3408 domino
597 3342 688 3408 Duce
698 3349 733 3406 et
746 3339 818 3408 elus
829 3337 1034 3407 Consiliartis
1044 3339 1220 3406 iniunctum
1232 3345 1313 3406 erat.
1330 3339 1371 3407 ut
1386 3339 1490 3407 dixit:

363 3451 398 3520 si
408 3447 483 3536 quis
501 3470 541 3517 ex
556 3450 650 3518 vobis
665 3448 790 3534 aliquid
806 3448 904 3516 habet
920 3447 964 3515 ad
981 3447 1162 3535 dicendum,
1179 3448 1276 3516 dicat
1298 3449 1340 3515 tta
1354 3447 1490 3517 illustris

364 3561 478 3626 Comes
491 3557 740 3626 Bartholomeus
750 3555 900 3642 surrexit,
911 3562 944 3622 et
952 3556 1142 3624 reclamavit
1151 3576 1186 3623 so
1203 3555 1242 3622 ule
1259 3556 1490 3643 suprascriptis

362 3665 548 3750 Veglisanis
565 3662 689 3744 dicans,
705 3664 790 3748 qood
807 3665 871 3749 ipsi
888 3683 954 3733 non
970 3666 1195 3752 persolverant
1210 3665 1239 3730 ei
1256 3663 1423 3732 collectam
1441 3663 1483 3731 de

362 3774 416 3841 illo
449 3772 590 3860 presenti
606 3792 704 3859 anno,
737 3793 834 3857 quam
859 3774 1016 3858 Rogerius
1046 3769 1253 3840 Permarinus
1269 3778 1301 3840 et
1315 3771 1503 3856 lohannes,

230 3878 233 3882 ’
361 3881 573 3948 Macrocenus
603 3881 779 3968 capularet
798 3881 965 3949 Exercitus
990 3881 1125 3948 Venetia
1139 3880 1186 3947 illi
1204 3879 1284 3948 darc
1310 3897 1484 3948 consuere·

268 4009 269 4012 ’
292 4001 296 4010 “
360 3996 447 4056 rant.
466 3989 506 4055 Εἰ
522 3989 619 4056 etiam
635 3989 854 4074 proclamavit
869 4009 906 4057 se
921 3989 964 4056 de
980 3989 1213 4075 suprascriptis
1228 3987 1423 4072 Veglisanls,
1440 3987 1483 4054 de

361 4096 479 4164 bannis
495 4104 526 4164 ct
541 4095 616 4163 aliis
633 4095 712 4162 loris
727 4095 834 4184 sactis,
846 4103 878 4164 et
889 4096 929 4164 de
941 4097 1011 4182 lroc,
1028 4094 1114 4182 quod
1130 4095 1194 4182 ipsi
1210 4095 1355 4162 fecerant
1370 4099 1484 4160 contra

360 4211 513 4275 statutum
522 4199 819 4290 'suprascriptorum
837 4204 1090 4290 capitaneorum,
1102 4211 1135 4271 et
1150 4209 1264 4271 contra
1279 4200 1487 4268 consuetudi·

361 4334 434 4383 nem
451 4313 538 4379 illius
555 4320 647 4380 terre.
664 4311 707 4377 Dt
722 4313 855 4380 volebat
864 4313 1103 4401 suprascriptus
1113 4309 1228 4379 (lomes
1237 4309 1485 4378 Bartholomeus

360 4421 455 4507 super
471 4419 567 4488 dictis
579 4419 728 4488 omnibus
744 4421 866 4488 habere
881 4422 1050 4489 rationem.
1088 4421 1130 4487 Dt
1145 4419 1283 4487 illustris
1297 4418 1406 4496 Bonus
1425 4417 1484 4483 fili·

360 4547 398 4596 us
414 4526 521 4594 Dondi
537 4525 619 4594 uixit
650 4525 772 4596 eisdem
791 4527 975 4614 Veglisanis
992 4554 1000 4596 ε
1017 4527 1103 4608 Quid
1121 4527 1256 4594 dicitis?
1287 4521 1485 4612 respondete

361 4634 485 4708 Domiti.
511 4634 551 4703 Et
565 4634 629 4726 ipsi
647 4635 807 4724 petierunt
823 4637 989 4711 indotiam.
1021 4637 1062 4708 tut
1077 4634 1265 4728 sepedictus
1280 4651 1388 4702 comes
1405 4631 1488 4702 Bar·
