3206 5184
155 1245 286 1315 Rolcocl
301 1244 479 1314 sclavonici
494 1245 618 1312 hduuuk
634 1268 655 1309 u
671 1247 784 1314 zuelcui
798 1243 957 1332 vendopelc
974 1238 1102 1310 tizedec‘t
1118 1239 1275 1330 titrppezo

316 1357 497 1422 iteletleuclc
513 1379 534 1421 a
549 1355 686 1442 caecubi
703 1358 820 1441 eppheta
837 1358 999 1420 eadmero.
1023 1353 1121 1419 1267.

261 1554 426 1622 Rolanrlus
456 1555 566 1621 Banus
582 1553 686 1620 tocius
703 1551 875 1620 Selauonie
892 1551 1038 1619 omnibus
1055 1569 1188 1637 presens
1206 1546 1281 1616 seri·

154 1670 246 1750 ptum
261 1663 454 1748 inspecturis
470 1661 608 1728 salutem
625 1662 658 1726 in
683 1681 759 1729 vero
790 1662 935 1728 salutari.
970 1657 1184 1728 Universitati
1216 1663 1281 1724 taur
1329 1745 1330 1750 ἵ

154 1771 357 1854 presencium
383 1791 479 1853 quam
496 1777 697 1854 posterorum
714 1769 829 1834 harum
846 1769 928 1836 serie
945 1768 1149 1836 declaramus
1167 1791 1175 1833 ι
1194 1765 1281 1848 quod

154 1899 226 1944 euru
258 1877 415 1962 Magister
447 1879 562 1946 Petrus
605 1879 709 1944 tlietus
749 1877 896 1962 Pulcher,
941 1879 1090 1944 llecanus
1133 1873 1279 1940 Ecclesia

153 1985 391 2070 Zagrabiensis,
423 1985 588 2054 uniuersos
615 1986 751 2072 populos
783 2004 839 2052 seu
871 1985 1016 2068 hospites
1048 1985 1081 2049 iu
1113 1971 1210 2058 Seleu
1236 1979 1280 2046 ad

153 2095 314 2162 Banatum
343 2096 551 2180 pertinentes
585 2114 684 2178 super
714 2093 800 2160 facto
832 2093 1030 2159 deeimarum
1061 2090 1104 2156 ao
1135 2096 1279 2156 nostram

153 2204 351 2290 presenciam
385 2210 563 2287 evocasset,
596 2202 797 2288 proponebat
822 2207 933 2268 eontra
950 2220 1014 2286 ces,
1033 2199 1118 2284 quod
1136 2197 1279 2267 decimas

151 2335 228 2382 suas
246 2332 317 2379 eum
334 2312 476 2398 oapeeiis
492 2313 524 2377 in
542 2310 701 2397 frugibus,
726 2318 757 2376 et
789 2311 859 2378 alia
888 2309 1013 2376 minuta
1044 2305 1229 2376 earumdem
1245 2305 1279 2370 iu

151 2421 219 2490 suis
235 2419 407 2505 speciebus
425 2420 554 2488 soluere
572 2426 768 2486 tenerentur.
786 2418 909 2485 Contra
926 2438 1019 2502 quem
1036 2416 1132 2483 iidem
1164 2414 1280 2501 pepuli

150 2552 208 2598 seu
225 2529 371 2616 hospites
387 2529 629 2614 respondebant
646 2529 704 2594 tali
722 2528 836 2594 morlo:
853 2527 939 2610 quod
955 2545 1116 2610 nunquam
1135 2522 1278 2590 decimas

149 2659 227 2706 suas
243 2637 418 2706 solvissent
434 2657 506 2704 cum
524 2636 674 2724 capuciis,
693 2655 752 2703 nec
769 2637 834 2702 alia
851 2637 976 2702 minuta
991 2635 1136 2720 ipsarum
1152 2631 1186 2696 iu
1210 2631 1277 2700 suis

150 2746 332 2832 speciebus,
350 2745 407 2814 sed
433 2745 465 2812 in
497 2745 640 2812 denariis
672 2745 796 2810 solvere
828 2750 1015 2810 tenerentur
1047 2749 1078 2806 et
1108 2738 1280 2807 solvissent

148 2875 251 2939 usque
281 2852 386 2922 modo.
417 2857 485 2922 Nos
517 2860 625 2920 autern
659 2851 782 2920 auditis
814 2852 960 2936 parcium
986 2850 1277 2936 proposiciouibus,

149 2983 287 3032 unacum
303 2963 464 3032 nobilibus
481 2961 583 3047 Regni
600 2961 785 3048 Selauonie,
803 2959 1062 3026 adiudicarimus
1080 2957 1137 3024 tali
1154 2955 1249 3024 niodo
1267 2979 1275 3019 ε

149 3072 236 3156 quod
261 3071 345 3139 idem
371 3072 527 3155 Magister
554 3073 668 3138 Petrus
707 3073 871 3156 Decunus,
912 3066 1064 3134 videlicet
1103 3087 1175 3134 cum
1213 3063 1279 3130 Ma-

150 3179 509 3264 gistrollrchidiaeono
533 3179 759 3265 Zagrabiensi,
792 3176 949 3262 Magistro
980 3179 1075 3243 Petro
1107 3173 1278 3258 Prepesilo

149 3289 351 3376 Chasmensi,
388 3295 420 3354 ct
436 3289 590 3372 hlagistro
622 3287 797 3356 Benedicto
831 3283 1066 3353 Archidiaeene
1084 3281 1125 3348 de
1141 3279 1277 3368 Gerchc,

148 3399 180 3464 in
200 3398 394 3466 nuenasterio
412 3397 523 3464 Sancti
540 3397 638 3480 Regis
657 3397 815 3484 Stephani
850 3400 1007 3481 prestaret
1039 3397 1276 3459 sacramentum

147 3525 246 3590 super
277 3525 326 3591 eo,
359 3504 445 3588 quod
477 3504 618 3590 prelicti
651 3505 763 3590 pepuli
795 3525 853 3573 reu
879 3504 1022 3589 hospites
1037 3500 1181 3567 decimas
1199 3518 1274 3566 suas

147 3633 276 3700 semper
293 3615 328 3679 in
344 3613 498 3698 capsulis,
516 3619 548 3677 et
565 3613 633 3678 alia
661 3612 784 3678 minuta
800 3611 833 3678 in
860 3612 929 3679 suis
953 3610 1123 3698 speciebus
1154 3609 1275 3694 persol-

148 3721 280 3790 vissent.
320 3719 526 3788 Adueniente
560 3720 669 3805 itaque
700 3719 752 3785 ote
787 3720 992 3807 sacramenti,
1024 3741 1096 3786 cum
1128 3716 1274 3800 Magistri

144 3832 307 3914 prenotati
325 3835 564 3897 sacramentum
581 3834 728 3914 prestare
748 3829 936 3915 voluissent,
966 3827 1062 3895 iidem
1078 3827 1189 3914 populi
1219 3845 1276 3894 scu

143 3939 288 4022 hospites
305 3937 346 4006 ne
363 3937 459 4005 Seleu
475 3942 713 4005 sacramentum
734 3933 916 4002 eorumdem
934 3935 1076 4020 recipere
1088 3934 1272 4019 noluerunt,

143 4054 343 4116 assumentes
360 4045 480 4131 inipso
497 4047 569 4112 loco
589 4045 763 4112 iuramenti
780 4043 982 4128 presentibus
1013 4045 1091 4111 lnus
1122 4043 1277 4128 Zagrubi·

145 4155 216 4224 ensi
227 4161 259 4221 et
269 4154 427 4222 bliehaele
438 4151 478 4220 tle
493 4191 578 4202 --
589 4172 630 4220 ea
645 4159 723 4218 tune
740 4151 894 4240 temperis
914 4149 1102 4240 Gentilibus,
1120 4153 1204 4220 siout
1219 4171 1277 4238 per

142 4263 232 4348 ipsos
249 4263 342 4330 nobis
360 4262 515 4349 constitit,
533 4262 678 4330 decimas
696 4279 773 4328 suas
804 4261 844 4328 de
882 4266 987 4328 cetero
1018 4261 1052 4326 in
1077 4261 1231 4347 eapcciis,
1247 4265 1279 4326 et

141 4373 252 4438 omnia
268 4371 391 4438 minuta
411 4371 598 4437 earumdem
615 4371 648 4435 in
667 4369 734 4437 suis
752 4369 922 4455 speciebus
950 4368 1113 4435 soluturus
1129 4368 1278 4453 Capitulo

141 4479 284 4563 Zagrahi
296 4481 374 4549 ensi.
392 4481 431 4547 In
449 4479 540 4546 cuius
565 4479 611 4545 rei
623 4479 841 4546 testimouium
861 4475 1278 4565 perpetuumqueslubilitu·

139 4598 214 4674 tem,
231 4599 398 4672 presentes
423 4587 642 4656 concessimus
665 4586 769 4672 sigilli
785 4583 886 4655 nostri
904 4585 1081 4654 munimine
1099 4585 1276 4653 roboratas.

139 4697 260 4764 Datum
279 4696 447 4782 Zagrabic,
491 4695 572 4764 feria
588 4695 689 4764 tercia
701 4695 975 4786 pestdominieum
984 4693 1275 4786 Rumispalmorum
