3160 5208
854 299 1036 420 A&

280 579 283 586 .
377 513 520 582 sebosis
536 513 664 585 seilicet
674 512 909 601 etZebisoelai,
923 511 967 579 sd
981 513 1134 580 maiorem
1145 511 1191 580 rei
1202 521 1295 598 geste
1305 511 1513 597 erideneipne
1567 539 1569 596 {

389 626 513 690 ourtmn
528 628 714 706 presentem
725 620 862 700 feeimps
882 619 1035 686 annotari
1051 625 1084 686 et
1099 618 1201 702 sigilli
1218 619 1320 688 nostri
1337 621 1515 690 munimine
1569 661 1570 680 κ

385 728 541 796 roborari.
572 727 683 794 Prima
696 735 784 794 mets
800 725 902 810 igitur
917 725 1014 792 huius
1030 733 1113 794 terre
1129 725 1242 813 incipit
1259 728 1314 794 ubi
1330 730 1510 796 Dromonin
1560 720 1570 808 ‘j

386 834 474 903 ondit
497 835 531 901 in
547 832 692 917 lilinum,
722 832 800 901 iude
831 830 1001 900 deseendit
1016 830 1059 900 ed
1075 839 1173 920 eaput
1189 831 1335 902 eiusdem
1348 835 1455 908 rivuli
1478 845 1509 902 et
1568 841 1570 920 l

383 941 504 1009 deinde
518 941 561 1010 sd
593 941 743 1008 arborem
758 939 841 1022 dob;
864 939 943 1006 inde
957 939 1051 1006 vadit
1081 937 1255 1025 adsessos,
1271 959 1335 1024 que
1352 951 1512 1011 rorantur
1568 933 1570 976 ²

383 1045 623 1134 Grenielrisehs,
640 1045 760 1116 deiude
791 1047 896 1116 tendit
911 1046 955 1114 sd
987 1047 1127 1115 rivulum
1143 1046 1198 1134 qui
1229 1055 1365 1116 sonetur
1383 1047 1517 1136 Uulelrir
1569 1095 1570 1140 ξ

383 1154 461 1224 iude
477 1152 565 1221 radit
580 1154 624 1221 ad
638 1160 737 1238 eaput
752 1153 898 1222 eiusdem
914 1152 1020 1238 rivuli,
1037 1152 1115 1220 inde
1138 1154 1287 1222 aseendit
1303 1152 1348 1221 sd
1373 1165 1515 1223 montenr
1569 1143 1571 1228 l

383 1263 439 1330 ubi
455 1268 504 1328 est
518 1268 606 1329 meto
615 1268 722 1328 terres
737 1278 837 1346 supra
861 1259 992 1329 domum
1006 1261 1118 1346 Terse,
1135 1259 1210 1327 hine
1226 1260 1332 1328 tendit
1346 1263 1392 1330 od
1409 1262 1508 1331 loeun

383 1369 441 1454 qni
456 1374 590 1438 roostur
606 1366 750 1452 Culiehe‚
778 1366 900 1434 abhinc
930 1365 1020 1434 venit
1034 1367 1078 1436 ud
1094 1368 1210 1452 looum,
1236 1368 1293 1453 qui
1324 1368 1514 1454 appelletur
1568 1395 1571 1462 p

354 1471 358 1494 ¹
384 1475 653 1562 Zlohiuozoneep,
684 1475 762 1543 inde
793 1473 942 1546 aseendit
972 1475 1060 1543 viem
1091 1495 1154 1560 que
1186 1477 1285 1544 estin
1302 1483 1423 1562 monte,
1450 1494 1517 1559 que
1564 1471 1571 1558 l

385 1581 478 1648 radit
508 1601 529 1648 a
560 1581 674 1668 Beyne
705 1581 749 1650 ed
779 1582 936 1665 Buehuse,
962 1582 1041 1650 inde
1072 1601 1134 1669 per
1148 1582 1284 1649 eandem
1303 1583 1389 1648 riam
1416 1583 1505 1650 radit
1569 1571 1572 1662 ἱ

390 1688 687 1774 usqueadeone
719 1689 774 1774 qur
805 1697 943 1758 vocatur
957 1690 1100 1774 Propon,
1123 1689 1200 1757 rnre
1215 1691 1337 1757 orooro
1362 1689 1515 1758 euoenon
1570 1667 1572 1748 l

387 1815 487 1882 supra
503 1815 658 1882 magnam
672 1795 815 1881 vineam,
829 1817 894 1881 que
905 1805 955 1864 est
966 1797 1112 1865 Eoelesie
1121 1798 1163 1865 de
1173 1797 1313 1882 Toplioo
1328 1803 1361 1864 et
1377 1796 1506 1864 deseen-

388 1902 435 1970 dit
450 1903 483 1970 in
498 1903 586 1971 viam
602 1923 664 1988 que
691 1903 783 1972 vadit
812 1902 855 1971 ud
887 1904 1050 1991 Baohuse,
1067 1911 1101 1971 et
1126 1923 1185 1988 per
1201 1905 1293 1970 illam
1317 1902 1405 1970 rium
1420 1903 1506 1970 rudit

388 2010 431 2077 nd
455 2017 595 2078 montem
620 2009 676 2093 qui
708 2009 896 2096 appellatur
922 2010 1040 2099 Wruit,
1067 2011 1122 2079 ubi
1136 2017 1186 2078 est
1200 2017 1288 2077 meta
1303 2017 1420 2094 terrea,
1435 2011 1504 2077 inde

384 2118 477 2184 radit
492 2117 536 2185 ad
551 2117 709 2198 arborem,
727 2137 788 2202 que
801 2114 968 2205 (vocetur)
984 2117 1092 2186 olenik
1106 2117 1161 2186 ubi
1176 2118 1379 2185 terminetur.
1394 2117 1505 2184 dotum

387 2231 436 2292 est
450 2225 513 2293 hoo
523 2245 609 2292 suno
626 2222 745 2292 Grseie
754 2223 949 2293 MOOXXX.
966 2224 1096 2294 Andros
1110 2243 1231 2309 magno
1241 2224 1330 2308 Rege
1341 2224 1508 2324 existento²

385 2330 468 2398 Belo
483 2330 549 2397 filio
567 2331 636 2398 eius
651 2331 800 2415 Regnum
816 2331 986 2415 Hnugsrie
995 2331 1208 2417 gubernante,
1225 2330 1402 2400 Golonrano
1413 2332 1516 2400 locius

388 2435 562 2504 Solanonie
595 2437 757 2504 Duoutum
798 2444 937 2524 tenente,
976 2439 1143 2524 Stephano
1173 2439 1318 2505 seeundo
1351 2439 1505 2528 Episcopo

386 2545 599 2627 ngrahiensi
625 2545 821 2635 presidente,
846 2547 968 2615 Mathia
993 2547 1170 2633 Preposito,
1194 2548 1337 2630 Pugrino
1354 2543 1496 2628 (lentore,

386 2653 539 2722 Gabriele
564 2653 718 2741 Custode,
744 2655 906 2740 Symeone
932 2655 1064 2721 Deeeno
1091 2660 1125 2720 et
1140 2653 1256 2721 oeteris
1279 2651 1448 2720 Osnouieis
1471 2653 1508 2717 in

387 2761 536 2828 lleelesia
551 2761 766 2844 Zagrabiensi
782 2760 923 2832 lelioiter
940 2761 1167 2828 residentibus.

474 2955 636 3018 (Tkulosies,
655 2957 778 3009 Menum.
796 2957 862 3008 hist.
883 2957 976 3022 Epire.
994 2957 1192 3022 Zegrsbiensis
1210 2957 1232 3007 1.
1252 2957 1312 3008 ket.
1334 2961 1376 3008 tle.
1393 2956 1423 3018 1.)

914 3771 990 3842 let.

383 3969 431 4037 II.
448 3969 558 4036 Endre
582 3970 760 4056 kircllyrtak
786 3981 941 4038 nevezsles
962 3973 1109 4056 jaoaltat
1140 3977 1295 4057 ldrpyazd
1327 3974 1504 4055 adomdopu

521 4077 551 4141 T
547 4083 638 4143 amris
654 4099 754 4145 comeo
771 4078 895 4144 Malos
910 4079 1040 4145 brionel·
1045 4081 1097 4164 fio
1113 4083 1271 4145 emmona.
1288 4077 1385 4144 1231.

491 4269 641 4340 Andreas
657 4273 721 4339 Dei
747 4273 859 4356 grauia
891 4282 950 4342 ele.
989 4276 1143 4341 Inmensn
1172 4275 1299 4358 Regum
1330 4273 1508 4359 dapsilitas

385 4378 464 4445 lieet
479 4378 524 4447 ad
539 4381 702 4465 quoslibet
717 4401 816 4447 mauu
833 4380 987 4466 largifluo
1004 4381 1164 4466 equaliter
1179 4380 1301 4448 habere
1317 4401 1353 4448 se
1379 4380 1506 4459 debeat·r

385 4485 430 4552 ad
444 4486 522 4556 illos
538 4495 648 4554 tamen
663 4487 804 4556 uberiori
821 4489 934 4573 grauis
950 4495 1079 4556 tenetur
1104 4488 1263 4574 diffluere,
1289 4489 1346 4573 qni
1377 4490 1445 4556 loeo
1473 4490 1504 4550 et

388 4601 535 4680 tempore
551 4613 610 4661 neo
625 4613 687 4681 res,
705 4611 766 4664 neo
782 4615 938 4682 personas
954 4615 1033 4664 snas
1048 4615 1105 4683 pro
1120 4597 1221 4682 Regis
1237 4595 1379 4664 utilitate
1395 4596 1426 4662 in
1450 4594 1505 4660 lie·
