3160 5208
544 423 701 522 „lil-

15 615 18 678 l
80 617 158 680 omui
174 623 204 684 et
220 616 318 702 etati;
343 617 401 686 sed
419 637 621 704 paganorum
638 637 726 686 more
742 617 894 684 universa
910 620 1090 703 vastantes,
1118 621 1193 682 tan·

15 715 16 754 ff
78 745 160 807 quam
174 745 279 794 eorum
296 725 363 792 sint
379 726 495 796 delicie
511 727 640 814 operari
651 743 813 814 perverse,
830 726 864 792 in
876 725 1056 813 perditione
1077 743 1184 792 rerum

77 839 103 898 et
115 832 264 900 bominum
282 834 463 918 gloriantur
480 860 488 902 ε
505 836 644 922 quodam
663 833 897 921 compassionis
921 833 998 917 igne
1029 831 1183 918 perstrin-

14 965 17 1020 ς
75 941 167 1024 gimnr
180 948 291 1009 eontm
307 949 433 1028 pestem
449 949 629 1032 utramque,
647 943 731 1010 sicut
746 961 929 1031 possumus,
948 961 1117 1009 occurrere
1134 960 1185 1008 cu-

14 1033 16 1130 ἷ
75 1047 190 1132 pientes
214 1049 294 1116 Cum
312 1050 434 1136 itaque,
451 1053 536 1120 sicut
552 1051 747 1136 audiuimus,
771 1051 870 1118 ricini
887 1051 970 1118 sotis
987 1056 1095 1118 castro
1112 1069 1183 1134 pre·

14 1139 16 1252 ι
74 1155 155 1240 doto,
170 1165 199 1224 et
214 1159 366 1242 partibus
383 1159 424 1226 de
439 1158 589 1241 Bossina,
613 1159 670 1226 ubi
696 1157 830 1225 heretici
862 1155 993 1240 quidam
1026 1155 1183 1240 dogmati-

14 1259 16 1354 ζ
74 1261 162 1330 nando
177 1265 285 1348 palam
303 1285 361 1333 sue
376 1266 550 1352 pravitatis
567 1285 702 1350 errores,
719 1263 838 1332 Christi
855 1283 987 1348 gregem
998 1271 1029 1332 et
1040 1264 1181 1350 vineam,

73 1371 98 1434 id
113 1377 157 1438 est
171 1372 421 1440 Sacrosanotam
437 1372 661 1441 orthodoxam
686 1371 868 1441 Ecclesiam
901 1371 1117 1442 exterminant
1149 1380 1182 1440 et

73 1479 254 1566 disperdunt,
272 1486 305 1546 et
322 1481 469 1548 Ecclesia
485 1486 597 1548 vestra
614 1487 709 1547 vacet
725 1485 866 1568 pastore,
883 1479 975 1547 cuius
991 1485 1025 1548 et
1040 1485 1184 1547 restrum

20 1589 23 1597 '
78 1587 112 1651 ad
127 1586 182 1652 boc
197 1588 426 1671 cognoscimus
442 1587 598 1656 auxilinm
609 1595 824 1674 opportunum
842 1610 849 1652 ε
866 1587 1115 1655 Universitatem
1133 1607 1184 1653 ve-

72 1701 155 1760 stram
170 1713 338 1762 monemus
352 1715 411 1780 per
427 1696 615 1781 Apostolica
625 1697 756 1782 scripta,
771 1701 929 1780 quatenns
940 1693 980 1763 ad
992 1695 1183 1762 electionem

71 1799 301 1888 Arcbiepiscopi
335 1804 526 1870 canonicam
557 1809 590 1870 et
621 1803 819 1892 concordem,
850 1803 976 1870 sublato
1009 1801 1184 1870 cuiuslibet

70 1907 252 1977 difficultatis
269 1911 441 1978 obstaculo
457 1912 660 1998 procedatis;
686 1919 798 1980 contra
814 1911 975 1979 hereticos
993 1917 1025 1978 et
1051 1909 1181 1976 Almisi·

71 2036 149 2084 enses
164 2018 297 2085 eosdem
316 2019 434 2086 dilecto
449 2019 517 2086 filio
534 2020 690 2104 Magistro
706 2021 744 2086 A.
762 2019 968 2088 Subdiacono
985 2026 1017 2084 et
1034 2019 1182 2106 (lapella-

73 2145 106 2190 no
120 2133 235 2213 nostro,
253 2128 446 2212 Apostolioe
462 2127 558 2196 Sedis
574 2129 709 2215 Legata,
727 2149 784 2216 pro
801 2128 917 2194 vestris
943 2126 1083 2194 libenter
1109 2127 1181 2192 viri-

71 2233 118 2300 bus
132 2235 347 2318 assistentes3
372 2235 555 2303 huiusmodi
572 2237 669 2303 etiam
686 2257 726 2302 ex
744 2235 851 2302 animo
876 2235 923 2302 sic
949 2235 1063 2321 acturi,
1096 2233 1182 2320 qnod

72 2339 158 2426 Pater,
176 2341 229 2426 qni
248 2341 389 2408 videtin
405 2342 605 2429 abscondito,
623 2342 738 2410 reddet
754 2342 855 2428 robis,
874 2349 906 2409 et
923 2363 981 2409 nos
1001 2349 1110 2410 vestre
1130 2341 1182 2408 de-

71 2448 192 2516 uotionis
209 2450 432 2534 integritatem
448 2450 642 2536 Apostolicis
654 2450 929 2520 benedictionibus
939 2469 1182 2536 prosequamur.

71 2555 170 2622 Datum
185 2557 343 2643 Anagnia
357 2557 411 2624 lV.
427 2555 500 2625 idus
517 2559 636 2646 Mortij,
654 2559 866 2628 Pontificatus
883 2558 984 2626 nostri
1011 2581 1096 2628 anno
1123 2559 1180 2626 VI.

280 2757 402 2816 (Farlati
421 2758 569 2822 Illyricum
588 2760 703 2812 Sacrum
723 2761 770 2812 Vl.
790 2761 850 2811 kot.
870 2761 956 2823 921.)

486 3047 753 3058 --—--—-..-.

583 3581 657 3650 108.

69 3889 424 3972 izeeqyceezonycalofia
440 3913 460 3955 o
477 3891 625 3975 topualcoa'
648 3893 875 3958 monoetornalr
902 3891 1051 3980 biaoayos
1068 3893 1178 3979 f‘o'ldet

10 3765 15 3918 ι
70 3771 192 3844 &nezel
207 3779 350 3867 epotator
365 3779 447 3846 eruet
472 3779 743 3867 bizonyadgleoele,
777 3787 859 3870 bogy
895 3782 1036 3869 Tympor
1067 3783 1179 3873 Gaapa

10 3921 21 4110 ιι
428 3999 678 4084 cdomdnyoaott.
657 4001 803 4066 t.1222

10 4127 12 4286 Ξ
160 4191 1179 4284 ligoJocelinusDeigraciaspalatensisArcbiepiscopns‚no·

10 4289 12 4372 l
71 4301 129 4362 turn
141 4297 224 4368 facio
240 4301 389 4368 omnibus
400 4301 546 4370 fidelibus
563 4303 754 4371 Christianis
773 4311 839 4370 tam
856 4304 1066 4390 presentibus
1081 4324 1177 4389 quam

10 4398 181 4494 tuturis,
199 4408 421 4494 quodGnepa,
440 4409 601 4494 qnondam
619 4431 699 4478 uxor
715 4412 829 4479 Armos
831 4412 1041 4496 ,recognovit
1056 4419 1088 4477 et
1102 4432 1176 4481 con-

10 4505 146 4579 'sessa
166 4515 237 4581 est
229 4535 263 4581 nn
273 4535 526 4603 presencranrea
537 4526 569 4585 et
578 4518 785 4606 plurimorum
797 4521 979 4586 hominnm
996 4519 1177 4603 quodfilins

10 4545 19 4728 Ξ·
70 4613 127 4684 eius
150 4619 290 4708 Tympor
315 4623 369 4708 qui
395 4625 497 4692 eciem
523 4627 745 4712 Berengorins‚
772 4628 914 4695 eiusdem
941 4628 1056 4696 Armos
1081 4629 1175 4714 filins,
1213 4659 1220 4668 ·

10 4707 14 4848 ι
70 4720 146 4792 dedit
161 4735 191 4794 ct
216 4731 374 4798 concessit
399 4733 468 4800 Deo
496 4740 528 4798 et
553 4735 652 4801 Beate
679 4735 781 4802 llarie
797 4747 830 4805 et
845 4735 963 4804 Domui
983 4737 1022 4802 de
1039 4736 1176 4822 Toplira

10 4851 15 4959 l
