3182 5200
16 1287 17 1290 Ἴ
101 1199 157 1270 ΠΙ.
176 1199 260 1267 loczc
270 1197 436 1288 pdpa'rrok
451 1221 491 1264 oz.
507 1198 599 1264 Ptcr
614 1208 790 1264 monostora
806 1200 946 1268 dirtoicdt
960 1201 1114 1288 tdrppasd
1129 1195 1221 1269 toric·

416 1307 524 1373 kcddcc
539 1305 622 1371 Arde
636 1308 782 1394 ozipctdn.
809 1305 898 1374 1199.

16 1567 17 1574 ,
195 1504 408 1573 Innocentius
424 1525 538 1573 seruus
555 1522 719 1573 serrorum
733 1504 794 1572 Dei
813 1512 872 1574 etc.
896 1500 1004 1592 Ugoni
1020 1507 1141 1576 Abbati
1152 1511 1217 1581 Mo-

16 1599 18 1648 ἶ
100 1613 222 1698 nosterij
240 1611 354 1681 Sancti
371 1611 459 1680 Petri
475 1613 516 1680 de
530 1611 639 1680 insula
652 1613 804 1696 Arbcnsi,
821 1613 955 1700 eiusque
970 1615 1126 1684 frutribus
1151 1623 1219 1686 tam

16 1789 17 1794 ,
102 1723 295 1810 presentibus
311 1742 411 1808 qnam
427 1719 543 1788 futuris
560 1723 775 1789 monasticam
791 1722 891 1790 uitam
907 1721 1066 1808 professis
1088 1723 1122 1791 in
1148 1745 1217 1811 per-

16 1843 18 1882 i
100 1841 232 1920 potuum.
255 1829 318 1896 Pie
334 1830 511 1913 postulatio
526 1829 702 1898 uoluntatis
719 1836 780 1896 etc.
819 1829 908 1897 Ordo
926 1831 1135 1920 monasticus,
1160 1836 1217 1918 qni

16 1969 21 2034 p
101 1938 264 2008 secundum
281 1938 392 2005 Deum
408 1945 441 2006 et
455 1937 549 2007 Beati
565 1937 730 2005 Benedicti
748 1938 897 2022 regulam
908 1941 969 2005 etc.
981 1939 1102 2006 Locum
1111 1941 1219 2028 ipsum

16 2049 17 2072 ³
101 2048 131 2116 in
145 2066 203 2130 quo
219 2045 352 2132 prefata
369 2044 729 2134 ecclesiasimcstcum
739 2046 888 2114 omnihus
898 2047 1103 2136 pertinentijs
1120 2057 1152 2118 ct
1162 2070 1221 2137 op-

16 2217 17 2220 ,
101 2155 281 2244 pondicibus
299 2155 369 2222 suis
385 2160 418 2221 et
433 2155 590 2244 terminis,
608 2156 662 2239 qni
678 2154 725 2224 sic
741 2155 1005 2240 distinguuntur:
1025 2157 1180 2227 Primitus
1196 2179 1217 2224 u

16 2345 17 2350 ,
103 2265 199 2351 cupite
214 2265 359 2332 macerie
375 2267 516 2331 umonte
527 2283 629 2350 usqne
640 2262 682 2330 od
694 2263 799 2331 riuum
808 2261 1036 2333 descendendo
1046 2285 1104 2351 per
1113 2265 1217 2336 rinurn

16 2391 17 2466 J
102 2392 191 2460 usque
205 2369 248 2441 ad
263 2391 367 2458 more,
384 2377 414 2440 et
430 2393 489 2458 per
504 2391 596 2440 mure
612 2379 644 2439 et
660 2369 866 2458 molendina3
885 2375 916 2439 et
932 2372 1139 2441 ascendendo
1149 2395 1219 2461 por·
1290 2459 1291 2466 ἵ

16 2483 19 2520 ‘³
103 2481 208 2550 nontis
224 2481 392 2562 uerticem,
409 2481 564 2550 eteundo
580 2481 746 2569 perillum
764 2501 866 2565 usqne
883 2481 915 2546 in
934 2481 1046 2568 priora
1071 2483 1218 2551 confinis.

16 2631 18 2636 ·
102 2589 272 2657 Ecclesium
290 2589 405 2657 Sancti
436 2589 593 2676 cypriani
619 2610 691 2657 cunr
716 2588 923 2676 pertinentiis
956 2595 989 2656 et
1019 2589 1221 2678 appenditiis

16 2713 17 2722 ²
103 2699 169 2785 suis,
184 2705 215 2764 ct
230 2697 381 2766 terminis
399 2697 453 2782 qui
469 2697 518 2764 sio
533 2696 797 2782 distinguuntur:
814 2695 843 2762 A
859 2696 946 2763 valle
962 2695 1103 2766 obscura
1117 2715 1220 2782 usquo

16 2789 18 2858 ἶ
103 2807 263 2876 invallem
279 2805 323 2873 do
338 2805 497 2890 Frusinu3
522 2805 587 2871 ulie
601 2810 669 2872 tres
685 2809 797 2889 partes
814 2824 903 2870 more
918 2803 1131 2893 circumdant,
1153 2827 1221 2874 une

16 2943 18 2998 3
105 2935 166 2983 curn
182 2933 388 3002 monuments,
403 2913 616 2998 omnibusque
632 2912 788 2999 scopulis3
804 2911 954 2979 adistum
965 2915 1222 2998 promontorium

16 3001 21 3084 ἕ
105 3021 304 3111 subjacentia,
330 3029 362 3089 et
377 3023 481 3090 valles
497 3041 559 3106 que
575 3027 650 3088 sunt
667 3020 755 3108 apud
771 3021 927 3088 Sanctum
943 3021 1162 3107 cyprianum
1187 3033 1221 3090 et

104 3131 159 3198 stie
173 3149 234 3215 qne
250 3137 327 3199 sunt
344 3129 434 3215 epod
449 3131 605 3198 Sanctum
621 3129 770 3213 Petrnm3
795 3127 877 3195 inter
892 3148 973 3214 quas
989 3128 1095 3196 saline
1111 3136 1218 3198 vestre

16 3227 18 3318 ζ
106 3239 282 3323 etpiscoric
300 3239 489 3307 consistunt.
513 3238 600 3306 Sane
616 3238 786 3305 nonalium
805 3243 864 3304 etc.
883 3236 980 3304 liceat
1004 3257 1134 3322 quoquo
1157 3245 1208 3306 otc

16 3343 18 3438 ξ
105 3341 304 3414 Prohibcmns
321 3350 455 3433 insuper
470 3353 530 3414 eto.
570 3347 651 3413 Corn
668 3352 777 3412 autom
794 3346 952 3430 generale
968 3351 1030 3412 cto.
1070 3347 1217 3432 Sepultu-

105 3469 164 3519 runr
180 3473 310 3539 quoque.
322 3461 382 3522 etc.
408 3453 508 3522 Saluo
523 3461 632 3522 tomcn
649 3459 711 3521 etc.
736 3453 884 3522 Obcunte
900 3473 978 3521 vero
996 3460 1057 3520 etc.
1075 3453 1221 3523 Liberta-

16 3551 18 3632 ζ
106 3563 147 3626 tes
161 3567 216 3628 etc.
240 3563 455 3630 Decernimus
473 3569 532 3630 etc.
548 3564 643 3630 saluo
668 3561 857 3646 Apostolicc
889 3562 986 3630 Sedis
1017 3563 1221 3650 auctoritate,

16 3707 18 3752 4
110 3675 136 3734 ct
152 3671 324 3738 diocesani
340 3671 493 3761 Episcopi
503 3672 644 3756 justitia.
670 3671 704 3738 Si
720 3689 786 3754 quo
801 3671 901 3756 igitur
919 3675 979 3738 eto.
997 3674 1118 3738 Dutnnr
1133 3669 1215 3739 Loto

105 3779 166 3843 roni
181 3797 238 3864 per
253 3799 386 3848 manum
403 3780 559 3847 Roinuldi
587 3778 705 3849 domini
739 3780 830 3865 Pape
859 3780 988 3847 Notarii
1020 3779 1219 3848 danccltarii

16 3893 18 3974 ξ
107 3883 196 3951 sicem
213 3889 343 3974 egentis
361 3887 446 3957 VHI.
462 3888 526 3959 col.
542 3887 643 3975 Junii,
661 3888 836 3956 indictione
852 3889 1005 3975 secundo,
1017 3887 1216 3956 Incernatio·

16 3987 33 4034 ²¹·
82 4017 87 4023 ·
107 3991 150 4059 nis
164 3995 330 4064 Dominice
347 4017 432 4064 onno
448 3996 627 4064 Mcxcrrc
659 3995 870 4064 Pontificatus
887 4017 964 4066 vero
979 3994 1100 4064 domini
1124 3997 1219 4066 Inno-

16 4167 21 4238 Ῐ
111 4103 197 4169 centii
212 4103 302 4192 Papo
318 4111 350 4173 te
361 4105 414 4171 rtii
431 4126 516 4172 anno
533 4104 688 4173 secundo.

318 4305 450 4370 (Fsrlsti,
468 4306 618 4372 illyricum
637 4305 753 4360 sacrum
771 4308 804 4359 V.
818 4307 879 4358 ludi.
900 4309 961 4360 2³8.
974 4307 1005 4371 l.)

522 4593 789 4611 m
