3116 5178
863 373 942 444 ,400

339 569 536 659 respondere
552 569 596 638 ad
610 569 849 640 restitutionem
864 573 931 636 tam
947 567 1151 655 prefatorum
1166 566 1377 656 decimarum,
1404 589 1466 655 que

340 677 472 747 lucrum
489 684 522 747 et
537 683 612 746 sunt
628 675 767 744 ducente
784 681 817 743 ct
833 674 1075 766 qninquaginta
1099 674 1192 762 libre,
1223 695 1323 762 quam
1352 676 1462 745 inrinm

343 785 486 854 omniurn
503 785 642 856 aliorum
658 783 885 871 temporalium
910 789 942 852 ot
973 782 1225 872 incorporalium
1257 783 1465 869 'traguriensi

330 879 505 984 Episcopo
520 899 553 963 et
568 891 717 962 Ecclesia
732 912 791 963 sue
807 913 866 979 per
882 891 988 964 dictos
997 891 1328 981 archipresbyterum
1339 899 1373 962 et
1382 892 1465 983 Sybi·

342 1001 493 1072 nicenses
508 1001 717 1089 presbyteros
745 1007 778 1066 ct
808 997 946 1067 clericos
977 1005 1103 1068 ceteros
1135 999 1385 1088 subtractorum,
1413 1020 1465 1069 seu

344 1109 445 1179 etiem
461 1129 677 1195 expensarum
694 1108 757 1176 hac
771 1108 946 1176 occasione
969 1105 1004 1175 in
1029 1113 1182 1194 presente
1213 1108 1270 1176 lite
1300 1105 1466 1196 factarum,

345 1216 500 1286 videlicet
515 1217 773 1302 octingentarum
783 1215 946 1302 librarum,
961 1215 1129 1300 dequibus
1140 1213 1296 1302 judiciali
1305 1216 1466 1284 taxatione

301 1351 306 1360 ·
345 1323 519 1411 prehabito
534 1344 611 1411 pars
627 1325 735 1391 altera
750 1322 828 1391 fecit
843 1323 938 1390 fidem
954 1323 989 1389 in
1005 1321 1134 1392 Jndioio
1150 1341 1262 1418 coram
1278 1323 1465 1410 nobis,sepc

344 1432 449 1499 dictos
465 1431 793 1517 Archipresbyternm
808 1437 841 1500 ct
857 1433 1065 1520 presbyteros
1081 1451 1121 1499 ac
1136 1435 1264 1498 ceteros
1281 1431 1421 1516 clericos,
1432 1430 1470 1497 dc

343 1537 502 1628 Sybinico
518 1558 577 1607 sno
593 1558 715 1625 susque
731 1539 878 1607 Ecclesia
893 1539 1025 1608 nomine
1049 1539 1204 1624 Magistro
1235 1539 1379 1623 Georgio
1409 1539 1468 1606 sin·

345 1645 418 1714 dico
433 1653 465 1712 et
482 1645 684 1732 procuratori
699 1646 932 1732 Traguricnsis
948 1647 1104 1734 Episcopi
1120 1649 1349 1733 procuratorio
1374 1645 1466 1713 nomi·

344 1773 395 1842 ns,
426 1759 459 1822 et
475 1753 537 1839 ipsi
550 1753 715 1839 Episcopo
731 1773 855 1840 sueque
870 1753 1018 1823 Ecclesia
1033 1753 1166 1822 nomine
1182 1753 1423 1822 sententialiter
1438 1758 1467 1820 et

342 1863 379 1928 in
394 1868 583 1948 perpetuum
599 1860 863 1928 condemnantes.
903 1861 946 1928 Et
960 1866 995 1928 ut
1011 1859 1053 1929 de
1069 1869 1175 1928 cetero
1192 1862 1226 1928 in
1242 1861 1388 1928 futurum
1402 1881 1466 1948 prs·

344 1973 432 2036 stent
449 1969 560 2037 omnia
575 1968 770 2054 supradicta
782 1974 814 2035 et
830 1970 961 2054 singula
977 1968 1066 2038 dicto
1082 1969 1244 2056 Episcopo
1259 1965 1468 2054 Tragurisusi

346 2082 378 2145 et
392 2095 452 2144 sue
468 2075 626 2162 Ecclesia,
643 2074 850 2162 supradictos
867 2077 901 2144 S.
917 2075 1254 2164 Archipresbyterum,
1289 2081 1324 2144 et
1343 2077 1470 2162 presby·
1555 2125 1557 2174 ξ

344 2191 431 2252 tenos
447 2190 479 2250 et
495 2190 618 2252 ceteros
633 2176 769 2252 clericos
785 2183 826 2252 de
841 2183 999 2272 Sybinico
1015 2203 1074 2252 sno
1090 2203 1212 2268 sueque
1242 2183 1393 2251 Ecclesia
1421 2202 1469 2250 no

344 2291 432 2357 minc
448 2289 655 2361 nihilominus
672 2295 925 2360 condemnamus
942 2291 1094 2359 dediciis
1111 2289 1259 2359 ducentis
1276 2291 1469 2376 etquinqna·

346 2397 439 2482 ginta
453 2396 544 2465 libris
560 2401 691 2466 nomine
708 2399 917 2484 decimarum,
950 2404 982 2465 et
999 2395 1196 2484 octingentis
1220 2397 1314 2466 libris
1346 2396 1470 2466 nomine

349 2523 576 2598 expensarum,
593 2508 636 2573 ad
653 2505 843 2574 solvendum
857 2507 955 2574 unius
977 2504 1113 2599 mensis,
1130 2505 1271 2590 spatium
1303 2505 1469 2572 terminum

345 2611 561 2696 assignantes.
594 2613 635 2679 Et
651 2615 730 2699 quia
745 2614 839 2682 nobis
855 2613 1031 2681 manifeste
1048 2619 1185 2694 constat,
1217 2612 1306 2696 quod
1322 2613 1470 2698 Traguri-

345 2718 433 2786 ensis
449 2719 629 2808 Episcopus
644 2728 777 2809 propter
791 2723 863 2789 iura
879 2721 1080 2788 decimarum
1097 2728 1130 2787 et
1155 2719 1222 2788 alia
1246 2720 1321 2788 iura
1354 2721 1470 2807 episcc

344 2824 435 2911 palia
451 2848 512 2913 per
527 2828 631 2896 dictos
647 2825 983 2916 archipresbyterum,
1001 2826 1189 2896 sacerdotes
1205 2833 1238 2893 ct
1262 2828 1400 2896 clericos
1433 2828 1470 2894 ds

345 2932 500 3024 Sybinico
516 2935 659 3005 indebite
675 2937 738 3005 sibi
755 2938 924 3006 subtracta
938 2937 1106 3023 premissis
1124 2935 1281 3021 legitimis
1309 2937 1469 3004 adomoni·

344 3041 488 3110 tionibus
503 3044 595 3110 iuxta
610 3043 748 3112 formam
766 3035 902 3114 Concilii
918 3045 1090 3113 Generalis
1105 3044 1196 3129 ipsos
1213 3039 1468 3112 excommunica·

302 3209 304 3216 .
344 3144 443 3217 tionis
472 3149 600 3220 vinculo
630 3151 825 3220 innodavit:
856 3153 1020 3239 prefatam
1050 3151 1247 3220 sententiam
1279 3152 1473 3220 anctoritate

345 3259 537 3341 Apostolica
553 3259 791 3341 confirmantes,
816 3281 859 3328 nc
876 3261 916 3328 de
932 3281 992 3329 soa
1007 3259 1213 3328 contumacia
1244 3260 1380 3329 valeant
1409 3261 1471 3345 glo·

348 3363 436 3449 riari,
454 3365 531 3448 quia
547 3367 711 3436 humilitas
727 3367 773 3434 nil
789 3367 944 3455 prodesse
959 3367 1137 3435 humilibus
1153 3365 1330 3455 videretur,
1361 3367 1391 3434 si
1406 3387 1472 3434 con·

348 3475 488 3557 temptas
505 3475 749 3544 contumacibus
764 3496 830 3543 non
847 3475 997 3558 obessct3
1014 3474 1224 3542 Stanimirnm
1240 3474 1471 3560 archipresby·

349 3584 461 3667 terum,
477 3581 614 3648 Tolcum
630 3589 662 3648 et
676 3581 847 3670 Rodinem,
880 3587 912 3649 et
926 3581 1108 3650 iohannem
1124 3580 1167 3649 de
1181 3581 1284 3649 Viaco
1311 3584 1473 3670 presbyte

348 3693 412 3772 ros,
445 3692 476 3755 st
492 3688 631 3756 Stricnm
649 3690 833 3778 diaconum,
865 3690 920 3775 qui
937 3689 1145 3775 postmodum
1171 3690 1337 3758 sententia
1369 3688 1473 3758 hnius·

348 3793 434 3861 modi
451 3794 701 3885 dampnabiliter
716 3798 879 3885 vilipensa
895 3796 1016 3864 Divina
1032 3797 1210 3885 celebrare,
1226 3798 1302 3879 imo,
1321 3803 1473 3882 quantum
1556 3783 1557 3786 ¹

347 3901 381 3968 in
399 3905 447 3971 eis
466 3909 526 3989 cst,
558 3906 666 3989 potius
682 3905 886 3990 prophanare
910 3909 1109 3990 presumunt,
1140 3911 1172 3972 et
1187 3903 1252 3971 iarn
1268 3903 1392 3973 diutins
1407 3925 1474 3991 pre·

349 4017 557 4097 sumpserunt
595 4011 631 4080 in
661 4014 844 4082 animarum
877 4033 1007 4082 suarum
1037 4014 1231 4099 periculum,
1262 4014 1474 4100 plurimorum

342 4121 551 4208 scandalum,
583 4127 615 4188 ct
631 4121 850 4190 ecclesiastice
866 4120 1038 4209 discipline
1054 4127 1283 4208 contemptum,
1315 4122 1359 4190 ab
1391 4119 1474 4188 omni

345 4229 458 4326 ¹cilicio
474 4235 506 4297 et
521 4229 677 4298 beneficio
708 4228 930 4298 ecclesiastico
961 4231 1053 4298 iuxta
1084 4231 1260 4298 canonicas
1293 4229 1479 4298 sentencias

350 4335 503 4404 duximus
518 4337 755 4406 sententialiter
771 4336 992 4424 deponendos.

458 4444 529 4531 Ego
546 4442 651 4512 Gandi
675 4444 716 4512 de
732 4445 847 4530 Regno
862 4444 1075 4514 Examinator
1090 4463 1223 4511 manum
1249 4461 1361 4510 meam
1393 4440 1478 4510 misi.

457 4555 527 4641 Ego
544 4553 694 4621 Priamus
710 4551 830 4620 Sancto
845 4553 1021 4622 Anastasis
1036 4551 1244 4624 Primioerius
1260 4556 1293 4618 et
1305 4548 1475 4618 Jadrensis

321 4649 325 4657 ’
350 4662 507 4732 Notarius
523 4662 600 4731 huic
615 4661 776 4732 sententie
792 4659 955 4731 audiendo
985 4667 1119 4747 rogatus
1151 4657 1292 4745 interfui,
1321 4657 1475 4759 signoque
