3116 5186
877 296 1036 394 Q

390 489 567 560 Oomitatns
586 489 722 578 predicti
740 499 870 575 regatur
882 491 992 558 taliter
1003 512 1061 578 per
1077 489 1145 579 nos,
1165 491 1249 576 qnod
1269 513 1350 560 unns
1370 500 1498 559 nostrum

387 605 482 683 regat
497 597 709 666 Civitatemn
740 597 895 666 kalendis
913 599 1033 666 mensis
1057 598 1206 666 Janunrii
1238 599 1385 687 proxime
1409 619 1498 682 nsque

388 706 432 772 ad
462 706 580 774 festum
612 709 805 776 Sanctorum
836 709 1066 793 Apostolorum
1097 710 1186 775 Petri
1217 715 1249 774 et
1279 708 1374 776 Pauli
1411 709 1501 792 prino

393 821 580 896 venturnm;
621 821 652 882 ct
683 815 768 883 alius
809 818 954 901 castella,
986 816 1140 884 videlicet
1169 817 1319 884 Castrum
1360 815 1500 899 Musenm,

394 923 583 1010 Dobregno,
610 924 822 990 Verbenicnm
840 930 873 990 et
888 923 1008 1009 Besca;
1034 930 1067 990 et
1082 925 1199 990 tercius
1215 924 1354 992 insulam
1370 919 1500 988 Parviki.
1556 1001 1557 1004 Ἴ

393 1030 434 1096 ut
464 1033 519 1116 qui
549 1032 670 1098 rexerit
700 1033 838 1099 insulam
870 1033 1015 1118 Parvilri‚
1047 1038 1141 1116 regat
1174 1033 1356 1099 Civitatem.
1387 1032 1426 1095 Et
1452 1029 1504 1093 boc

392 1147 559 1207 teneamur
591 1141 765 1208 observare
796 1160 900 1225 usqne
931 1138 974 1207 ad
990 1159 1048 1207 sex
1064 1157 1179 1227 annos,
1197 1147 1230 1206 et
1255 1138 1503 1221 tanto'amplins

390 1255 547 1330 quantum
563 1250 775 1317 communiter
792 1249 967 1315 concordes
998 1250 1128 1334 erimus,
1160 1255 1291 1316 servato
1325 1247 1422 1314 medii
1437 1243 1504 1311 anni

389 1356 582 1423 mutacionis
598 1356 640 1424 de
658 1360 726 1425 loco
744 1357 787 1424 ad
802 1356 907 1424 locum
933 1357 1049 1424 ordine
1065 1361 1294 1442 suprascripto.
1313 1357 1350 1424 Si
1367 1375 1438 1422 roro
1457 1354 1504 1420 ali·

391 1462 462 1545 quis
478 1468 623 1532 nostrum
639 1466 778 1533 abscens
793 1466 897 1532 fuerit·
907 1464 960 1531 vel
976 1463 1159 1548 egritudine
1176 1473 1233 1531 aut
1249 1464 1363 1548 aliquo
1380 1462 1500 1548 negocio
1548 1525 1554 1540 ,

391 1571 587 1658 prepeditus,
620 1573 706 1656 quod
733 1575 766 1638 in
797 1577 918 1640 statuto
950 1575 1088 1640 termino
1121 1575 1265 1656 regimen
1285 1571 1428 1639 civitatis
1456 1571 1500 1635 vel

390 1680 596 1747 castellorum
614 1689 670 1746 out
694 1681 800 1747 insule
831 1679 974 1765 Parvilri,
1008 1687 1043 1746 nt
1074 1681 1195 1746 dictum
1227 1689 1287 1768 est,
1319 1699 1431 1764 regere
1451 1697 1504 1744 non

392 1789 503 1872 possit,
520 1788 615 1854 liceat
631 1789 661 1855 ei
678 1788 790 1855 soleis
825 1788 929 1854 vicem
963 1808 1054 1854 snam
1071 1787 1259 1853 commitere
1276 1787 1382 1874 uxori,
1403 1785 1502 1866 sorori,
1545 1777 1551 1784 ’

352 1895 456 1975 ,titio
487 1896 539 1963 vel
572 1894 658 1981 filiis,
688 1895 753 1961 filie
784 1897 835 1961 vel
867 1894 1001 1980 filiabus,
1033 1893 1133 1980 fratri,
1165 1896 1287 1980 nepoti,
1305 1892 1500 1978 generosius

388 2003 629 2086 consanguineo
655 2023 810 2086 germano
827 2004 909 2070 suis.
928 2004 1073 2082 Quilibet
1088 2010 1195 2070 autem
1213 2004 1370 2089 regimen,
1388 2000 1505 2088 quierit

388 2110 535 2177 indictis
552 2112 776 2199 regiminibus,
793 2111 1089 2179 teneturetl'ncere
1114 2110 1210 2179 debet
1234 2111 1384 2179 iusticias
1407 2117 1438 2176 et
1464 2129 1505 2174 ra·
1545 2163 1554 2175 .

388 2219 496 2286 ciones
513 2219 554 2285 de
579 2219 764 2286 bominibus
791 2221 894 2306 ipsius
925 2227 1011 2286 terre
1042 2219 1221 2287 secundnm
1246 2217 1503 2286 consuetudinem

384 2327 531 2392 eiusdem
564 2333 694 2392 servato
725 2325 821 2393 modo
852 2333 886 2392 et
917 2325 1031 2394 ordine
1062 2327 1287 2413 possessionis,
1304 2326 1449 2411 exceptis
1471 2323 1505 2387 dc

387 2433 569 2501 bominibus
585 2441 694 2500 nostre
724 2433 847 2501 familie
877 2443 911 2501 et
925 2435 999 2521 hiis,
1033 2435 1089 2516 qui
1106 2443 1217 2503 nostro
1234 2437 1371 2501 aluntur
1388 2453 1466 2522 panc
1480 2439 1506 2496 ct

388 2545 476 2631 rino,
494 2542 550 2626 qni
566 2563 677 2609 omnes
694 2541 835 2610 debeant
866 2542 1005 2610 indicari
1036 2552 1178 2628 perires
1195 2543 1238 2609 ad
1263 2545 1325 2610 hoc
1349 2543 1506 2610 ordinatos

148 2681 161 2732 g
226 2701 230 2704 -
303 2728 305 2732 ¹
387 2670 446 2735 per
461 2671 531 2738 nos,
549 2671 685 2736 quorum
703 2651 802 2718 etiam
818 2671 917 2718 unum
945 2650 1082 2735 quilibet
1097 2658 1243 2718 nostrum
1265 2671 1325 2736 per
1341 2671 1380 2717 se
1397 2650 1505 2732 eligere

387 2749 515 2842 debeat,
549 2769 581 2824 et
613 2759 781 2826 sentencia
812 2778 910 2843 super
939 2749 1108 2845 premissis
1124 2779 1182 2846 per
1214 2778 1272 2827 eos
1304 2758 1384 2824 lcrri
1400 2759 1505 2823 debent

385 2866 561 2932 secundum
588 2868 854 2935 consuetudinem
872 2867 1015 2936 eiusdem
1034 2876 1120 2935 terre
1147 2889 1185 2936 eo
1203 2867 1339 2949 Oomite,
1370 2865 1425 2950 qui
1439 2871 1506 2931 tnnc

387 2974 449 3040 erit
464 2974 585 3041 ibidem
602 2975 635 3040 in
662 2975 821 3058 regimine
851 2995 1000 3061 presens,
1030 2978 1089 3044 sub
1114 2979 1203 3044 cuius
1233 2975 1393 3059 regimine
1408 2974 1504 3058 ipsum

389 3081 581 3149 maleficium
599 3081 697 3150 inerit
712 3090 941 3169 perpetratum.
957 3083 1145 3151 Electiones
1162 3103 1289 3168 quoque
1315 3101 1429 3149 omncs
1445 3078 1505 3148 sire
1541 3143 1546 3152 .

387 3190 557 3276 electuros,
577 3210 658 3273 quas
691 3189 864 3256 fecerimus
880 3191 915 3256 in
931 3192 1018 3259 dioto
1045 3193 1218 3277 Comitatu,
1236 3191 1379 3260 fideliter
1397 3197 1430 3257 ct
1443 3187 1505 3255 sine

384 3296 498 3364 fraude
513 3297 681 3383 iaciemus,
698 3317 763 3364 non
779 3299 919 3364 amicum
934 3298 977 3364 ad
994 3300 1054 3368 boc
1070 3299 1267 3387 adiuvando,
1279 3300 1332 3367 vel
1348 3298 1505 3365 inimicum

384 3408 426 3472 ob
457 3405 519 3471 boc
548 3401 753 3490 offendendo,
774 3406 831 3472 scd
862 3406 1057 3491 aspicientes
1073 3414 1198 3475 tantum
1230 3406 1400 3474 comodum
1417 3413 1506 3489 atque

385 3515 503 3579 bonum
514 3520 546 3578 et
555 3511 733 3598 profectum
744 3514 847 3599 ipsius
858 3513 1045 3583 Comitatus.
1056 3514 1175 3584 Omnes
1187 3524 1295 3583 autem
1308 3515 1434 3582 reditus
1444 3517 1506 3582 sive
1545 3591 1549 3599 Ι

346 3701 348 3706 ,
383 3628 659 3706 proventus,qnos
674 3641 714 3687 ex
729 3623 801 3708 ipso
818 3623 977 3690 Comitatn
988 3624 1397 3708 tabennensiotarum
1407 3622 1505 3708 perci·

384 3729 489 3813 pimus
501 3735 533 3794 et
542 3728 767 3820 percipiemus,
784 3724 1334 3815 legaliter·etfideiiter'sinefraude
1350 3732 1438 3798 inter
1455 3750 1507 3794 nos

386 3835 565 3902 comuniter
590 3835 772 3904 dividemus
790 3846 822 3905 et
848 3839 1039 3925 parciemur.
1066 3839 1101 3906 Si
1127 3860 1203 3906 vero
1219 3841 1339 3922 aliquis
1365 3845 1507 3908 nostrum

336 4019 337 4024 ἵ
385 3942 604 4010 intromissum
636 3945 734 4012 babet
765 3946 818 4012 rel
851 3948 968 4014 retinet
1002 3947 1042 4015 de
1075 3949 1167 4014 bonis
1198 3955 1230 4013 et
1260 3948 1381 4015 babere
1416 3957 1507 4032 atque

384 4052 635 4136 proprietatibus
646 4059 802 4122 terrarum
815 4063 846 4122 et
862 4077 1010 4124 casarum
1022 4055 1156 4123 aliorum
1172 4063 1356 4124 nostrorum
1374 4057 1507 4124 duorum

384 4160 434 4224 rel
452 4159 558 4244 unius,
592 4161 729 4228 reddere
745 4170 778 4227 et
808 4166 979 4249 assignare
1009 4165 1055 4232 eis
1072 4166 1124 4231 vel
1155 4164 1184 4231 ei
1209 4165 1417 4248 integraliter
1442 4165 1509 4230 sine

386 4264 501 4333 fraude
519 4271 680 4353 usquead
713 4269 854 4338 medinm
888 4293 1008 4340 annum
1025 4273 1151 4359 debeat,
1167 4280 1199 4339 et
1227 4270 1268 4339 de
1283 4280 1391 4340 cetero
1419 4291 1508 4340 nemo

384 4383 527 4443 nostrum
553 4397 613 4443 nec
644 4378 791 4448 homines
824 4383 924 4448 nostri
955 4369 1025 4449 sive
1058 4401 1264 4450 successores
1290 4387 1355 4448 tam
1373 4377 1507 4449 masculi

386 4503 483 4568 quam
498 4484 617 4553 femine
633 4485 667 4552 in
683 4495 850 4574 perpetum
862 4486 1078 4557 intromittant
1090 4497 1122 4556 ct
1138 4490 1302 4557 retineant
1317 4489 1508 4556 iraudulen-

296 4655 300 4660 .
384 4597 433 4660 ter
449 4593 601 4661 debonis
617 4595 784 4663 ethaberc
801 4597 869 4665 sire
886 4597 1144 4686 possessionibus
1160 4599 1298 4665 aliorum
1325 4603 1510 4664 nostrornm
