3184 5186
808 353 966 455 Q

322 541 403 612 turis
420 543 559 609 salntem
575 542 608 608 in
619 544 759 611 omnium
780 545 954 612 saluatorc.
970 544 1072 627 Regio
1087 546 1238 612 conuenit
1255 544 1450 611 celsitudini

321 671 449 720 suorum
481 648 644 718 moderari
675 651 815 718 seruicia
845 652 1074 739 subiectorum,
1106 658 1142 719 ut
1158 651 1319 718 distinctis
1336 673 1446 718 eorum

320 757 437 844 officijs
452 755 643 844 expedicins
662 760 796 827 valeant
811 759 986 828 deseruirc.
1011 759 1150 828 Proinde
1165 761 1209 826 ad
1225 762 1450 828 universorum

319 866 472 934 noticiam
504 873 615 936 tenore
647 869 850 954 presencium
881 869 1030 937 volumus
1060 869 1249 955 perrenIre;
1284 869 1372 953 quod
1389 890 1450 964 nos

323 973 552 1059 congressione
590 976 779 1062 populorum
818 983 1000 1044 nostrorum
1040 974 1081 1042 dc
1119 977 1278 1062 Liptoua,
1318 984 1456 1061 recepta

318 1082 511 1166 grauaminc
550 1084 724 1151 eorundem
763 1104 803 1151 ex
842 1085 964 1172 pictate
1003 1084 1108 1168 Regia
1149 1085 1298 1151 relaxare
1338 1084 1450 1151 rolen-

317 1195 377 1274 tes,
409 1189 508 1256 talem
540 1190 586 1258 eis
619 1191 802 1259 libertatem
834 1191 913 1260 dare
928 1191 1087 1276 duximus,
1120 1198 1152 1257 ct
1185 1190 1451 1258 demandamus:

321 1293 414 1374 Quod
429 1316 501 1364 cum
518 1319 578 1366 nos
594 1299 708 1369 Zolum
740 1301 905 1369 veniemus
936 1301 1062 1385 singule
1093 1299 1231 1385 triginta
1262 1299 1451 1367 mansiones

322 1403 444 1477 debent
474 1403 517 1470 ad
549 1405 690 1474 culinam
721 1415 865 1476 nostram
898 1409 977 1475 darc
1008 1429 1107 1476 unum
1128 1427 1260 1494 porcum
1277 1427 1401 1491 senem,
1416 1415 1453 1476 ct

320 1511 463 1596 quelibet
479 1515 601 1582 mansio
618 1516 700 1585 duas
716 1517 857 1605 galinas,
875 1525 907 1586 et
924 1524 1063 1602 quatuor
1079 1537 1151 1584 oua.
1184 1517 1264 1582 Item
1296 1515 1452 1598 quelibet·

318 1620 443 1689 mansio
476 1643 532 1709 pro
564 1643 663 1692 censu
695 1625 828 1693 annuali
844 1625 952 1694 soluet
967 1626 1140 1694 duodecim
1166 1622 1318 1692 denarios
1334 1642 1449 1706 nouos,

319 1750 452 1815 quorum
470 1732 665 1800 solucionem
682 1734 792 1802 facere
808 1742 840 1802 et
856 1734 1018 1822 complere
1044 1733 1164 1802 debent
1190 1753 1292 1816 usquc
1324 1730 1446 1797 festum

318 1838 430 1905 Sancti
442 1839 574 1928 Georgij
586 1843 672 1909 omni
689 1862 794 1926 anno;
810 1862 873 1926 que
889 1843 918 1910 si
934 1863 1035 1926 usque
1051 1843 1136 1909 diam
1152 1840 1270 1908 festum
1286 1839 1373 1906 hunc
1387 1860 1454 1906 oon

321 1946 466 2034 soluerit,
483 1953 599 2015 cnunc
615 1950 720 2016 soluct
736 1949 798 2017 duo
816 1949 963 2036 pondera
989 1949 1192 2017 denariorum
1210 1967 1282 2014 cum
1309 1955 1445 2015 statera.

320 2055 398 2120 ltem
430 2054 558 2139 singule
584 2055 801 2141 quadraginta
817 2057 1002 2125 mansiones
1019 2056 1138 2124 debent
1154 2057 1235 2123 dare
1250 2055 1367 2123 domiti
1385 2075 1445 2140 pro

319 2160 398 2249 ipsis
415 2163 601 2246 constituto,
618 2165 761 2249 quolibet
776 2186 862 2232 auno
878 2165 911 2232 in
928 2165 1013 2233 festo
1039 2163 1152 2232 Sancti
1183 2164 1314 2231 Martini
1346 2185 1446 2230 unum

318 2289 449 2356 porcum
480 2290 590 2338 senem
611 2291 674 2338 non
700 2292 872 2357 macetum,
903 2273 962 2340 scd
977 2275 1106 2356 bouum,
1124 2277 1254 2356 captum
1271 2271 1359 2338 inter
1373 2290 1447 2355 por-

318 2399 394 2458 c0s;
419 2385 451 2444 ct
468 2379 609 2462 quelibet
624 2381 750 2448 mansio
767 2402 864 2449 unum
881 2400 1009 2468 panem,
1029 2389 1061 2448 ct
1086 2380 1127 2447 dc
1159 2381 1306 2464 quolibet
1337 2385 1447 2444 aratro

321 2506 420 2552 unum
435 2487 585 2553 eubulum
595 2487 636 2552 dc
646 2506 764 2575 auena,
781 2508 853 2554 cum
870 2489 985 2555 cubulo
997 2489 1030 2554 in
1040 2488 1210 2574 provincias
1226 2495 1448 2574 percurrente.

322 2593 402 2661 Item
420 2593 546 2678 singule
565 2594 786 2679 quadraginta
818 2599 1003 2663 mansiones
1036 2595 1155 2662 debent
1186 2602 1297 2661 tenere
1331 2613 1452 2677 equum

320 2699 568 2787 exercitualem
605 2709 637 2769 et
667 2703 756 2770 circa
771 2702 888 2772 festum
904 2703 1015 2772 Sancti
1032 2703 1162 2772 Martini
1179 2701 1334 2788 Episcopi
1353 2721 1449 2785 quar-

321 2817 387 2876 tum
404 2829 532 2894 equum,
566 2812 710 2876 omnium
740 2811 883 2896 ipsorum
916 2831 1069 2896 equorum
1102 2809 1349 2878 exercitualium
1384 2834 1451 2879 non

323 2923 479 3004 erectum,
512 2916 569 2984 scd
586 2918 788 3006 mediocrem,
805 2919 926 2986 debent
942 2919 1022 2988 darc
1038 2918 1157 2985 Comiti
1173 2937 1231 2986 suc
1248 2938 1307 3003 pro
1324 2925 1449 3005 tempo-

324 3045 361 3090 re
376 3026 567 3105 ccnstituto;
591 3031 624 3092 et
639 3025 743 3093 tribus
759 3027 863 3113 equis,
880 3048 952 3096 cum
969 3048 1027 3094 nos
1058 3028 1091 3093 in
1122 3027 1235 3093 Zolum
1267 3028 1447 3113 veniamus,

324 3132 418 3198 nobis
448 3133 570 3200 servire
601 3135 810 3214 tenebuntur;
844 3154 903 3200 nec
934 3135 1038 3201 ceiam
1069 3135 1183 3201 (lomes
1215 3135 1358 3218 ipsorum
1391 3154 1448 3201 cos

325 3241 463 3325 longius,
489 3261 586 3326 quam
604 3239 647 3306 ad
665 3239 778 3309 Zolum
795 3243 923 3332 adnos,
940 3243 992 3310 vel
1009 3244 1093 3310 alias
1110 3243 1141 3308 in
1158 3241 1330 3327 legacione
1346 3243 1451 3309 mitte

322 3369 357 3415 rc
374 3355 488 3438 potest,
506 3355 538 3416 ct
554 3369 613 3415 nec
629 3351 672 3416 ad
689 3348 878 3416 mittendum
896 3370 1013 3434 equum
1035 3350 1179 3435 recipere
1196 3348 1314 3432 poterit
1330 3349 1373 3414 ab
1389 3349 1453 3415 cis·

323 3457 395 3523 dcm
412 3475 485 3522 cum
501 3475 542 3522 aa
558 3457 699 3542 racione,
724 3455 809 3540 quod
824 3463 958 3538 quartus
975 3475 1079 3539 equus
1094 3455 1339 3522 exercitualium
1357 3477 1453 3539 equo·

322 3583 391 3630 rum
423 3562 452 3629 ci
478 3564 582 3648 datur,
599 3573 634 3631 rrt
653 3585 751 3649 super
766 3564 837 3650 ipsc
854 3569 965 3631 nostra
983 3570 1015 3632 et
1031 3584 1091 3631 sna
1107 3563 1242 3648 negocia
1260 3571 1452 3648 exequatur.

323 3674 401 3738 Item
417 3670 618 3758 superfacto
634 3672 894 3740 mardurinarum
922 3693 961 3738 ac
977 3672 1242 3758 aprolcginarom
1270 3679 1454 3740 recurretur

323 3781 367 3847 ad
401 3778 606 3864 priuilegium
636 3783 827 3868 populorum
853 3779 895 3847 de
910 3780 1080 3864 Thwroch,
1097 3789 1133 3846 ut
1152 3780 1180 3846 si
1197 3779 1259 3866 ipsi
1277 3779 1392 3865 populi
1408 3780 1452 3847 dc

326 3887 485 3956 Thwroch
516 3888 620 3973 pelles
653 3887 856 3956 mardcrinos
891 3895 922 3956 et
953 3888 1209 3975 aprolcginares,
1235 3907 1293 3954 seu
1311 3906 1447 3953 censum

324 4016 382 4083 pro
400 3996 520 4064 eisdem
537 3998 664 4064 soluere
680 4002 925 4083 consueverunt,
947 3996 1063 4062 eadem
1080 3994 1280 4062 consuetudo
1297 3995 1454 4063 obserua-

325 4105 411 4172 bitur
427 4103 511 4170 inter
527 4104 626 4190 ipsos.
645 4105 725 4171 Item
742 4125 852 4172 omnes
869 4104 981 4189 populi
997 4110 1029 4169 et
1060 4104 1183 4188 singuli
1215 4125 1314 4191 super
1345 4101 1453 4190 domo,

323 4219 439 4296 castro,
471 4213 522 4280 vel
553 4233 651 4298 opera
680 4213 781 4298 Regio
813 4213 900 4278 omni
916 4232 1002 4277 anuo
1020 4232 1083 4278 uno
1101 4211 1163 4296 die,
1181 4211 1311 4295 quaudo
1330 4209 1449 4278 (lomes

321 4320 467 4407 jusserit,
498 4319 618 4388 debent
650 4320 785 4404 operari.
825 4319 906 4386 Item
938 4317 1015 4385 dicti
1047 4319 1159 4404 populi
1191 4319 1292 4385 nostri
1333 4317 1455 4388 debent
1538 4365 1549 4380 .

323 4429 417 4496 nobis
447 4428 479 4494 in
497 4427 612 4494 Zolum
644 4429 818 4513 desereire,
852 4433 947 4512 prout
978 4434 1089 4494 nostre
1105 4426 1266 4513 placuerit
1281 4427 1456 4516 voluntati,

324 4535 377 4602 uel
394 4541 488 4622 prout
504 4537 550 4603 eis
568 4556 626 4624 per
641 4536 767 4602 litteras
783 4539 912 4604 nostros
930 4535 1080 4602 dabimus
1098 4538 1132 4602 ln
1166 4533 1339 4601 mandatis
1370 4535 1451 4602 Item

326 4663 449 4732 ceruos,
460 4664 566 4729 apros,
576 4644 690 4710 damas
701 4641 813 4710 venari
825 4663 887 4710 non
902 4642 1070 4728 possintin
1082 4643 1185 4731 syluIs
1197 4649 1229 4708 ct
1239 4641 1320 4708 locis
1331 4643 1457 4710 anobis
