3116 5186
861 369 926 438 23⁸

812 460 971 472 ¹¹*—

319 560 361 631 in
378 581 472 632 veros
489 559 626 630 heredes
643 564 855 649 ot'legitimos
887 583 1093 634 sneeerseree
1126 562 1299 632 eorundem
1331 563 1461 630 domini

317 670 486 756 'Stephani
502 669 650 738 Gnstedis
666 671 912 759 strigoniensis,
930 681 963 741 et
979 671 1114 758 Georgij
1130 669 1290 756 (tenteris,
1308 691 1374 737 neo
1391 689 1455 738 non

328 775 438 844 fratris
475 777 614 845 Emerioi
647 779 796 864 preieete
828 779 1001 864 extitisset,
1027 784 1060 846 et
1091 800 1133 846 ex
1160 799 1198 846 ee
1224 778 1295 863 ipse
1321 777 1460 844 demine

327 890 424 953 Anne
462 883 502 952 de
540 885 800 970 possessionibus
832 887 982 970 Longeld
1030 883 1179 972 predicto
1228 905 1267 951 ee
1319 885 1461 952 Boeben

327 999 360 1057 et
406 989 552 1058 Fenehel
601 994 727 1061 veoutis
767 992 953 1081 poreionem
996 1013 1066 1060 enm
1097 992 1307 1079 possessione
1338 992 1463 1060 habere

330 1099 473 1184 deberet,
505 1118 601 1182 quem
633 1101 789 1170 rehabere
805 1101 906 1169 veliet
922 1100 964 1168 eb
988 1101 1133 1183 utrisque
1155 1097 1332 1188 Stephane,
1362 1099 1461 1166 Nieo·

325 1207 377 1273 lae
395 1213 426 1272 et
442 1205 543 1272 Penio
559 1211 737 1290 prenotatis
749 1209 826 1294 jure
842 1213 1036 1294 exposcente
1051 1207 1114 1273 stb.
1140 1204 1235 1293 (Erre
1250 1226 1288 1273 nn
1305 1206 1458 1276 ellenbe-

315 1310 417 1398 szed)
434 1311 519 1396 qnod
537 1312 597 1380 boe
614 1315 696 1380 bene
710 1332 822 1380 verum
839 1313 932 1399 seret,
959 1321 992 1380 vt
1023 1313 1150 1399 profeta
1181 1314 1315 1381 demina
1346 1313 1460 1382 Elim-

326 1421 403 1487 heth
418 1419 486 1487 filie
502 1419 589 1487 diote
605 1420 732 1487 domine
764 1421 865 1507 Begn,
896 1439 1037 1488 unacum
1067 1422 1259 1506 pretitulatis
1290 1421 1461 1489 nobilibus

327 1527 518 1596 dominabus
533 1527 653 1612 Kntha,
670 1527 829 1613 Koebyna
845 1535 878 1594 et
894 1527 1004 1612 neena,
1024 1527 1155 1595 filiabus
1172 1527 1298 1596 scilieet
1313 1527 1459 1614 prefate-

327 1655 396 1701 mm
414 1634 583 1721 Stephani,
600 1634 723 1701 'Pbome
738 1642 771 1703 et
786 1634 945 1702 Johannis
962 1635 1102 1702 filiorum
1119 1637 1248 1702 Martini
1263 1637 1296 1700 in
1324 1641 1459 1721 pretitu-

326 1741 402 1808 ietis
419 1739 577 1808 uniuersis
593 1741 855 1826 possessionibus
871 1761 910 1808 ao
920 1740 1050 1823 jeribns
1067 1745 1349 1832 possessionerijs,
1369 1746 1459 1812 vide-

327 1849 401 1915 lieet
417 1848 572 1934 hengeld,
590 1848 735 1916 Fanohul
754 1856 785 1916 et
800 1849 925 1916 Bethen
945 1849 1145 1935 prefatorum
1161 1851 1319 1937 Stephani
1348 1853 1459 1919 Casto

326 1957 388 2042 die,
408 1956 541 2042 Georgij
559 1954 710 2024 Conteris
742 1963 773 2022 et
805 1956 916 2024 fratris
947 1957 1086 2024 Emerisi
1116 1957 1284 2044 heremite,
1317 1958 1458 2026 fratrum

327 2071 441 2149 utpute
458 2065 634 2132 earundem
650 2062 849 2130 dominarum
867 2065 901 2130 in
932 2084 1027 2132 veros
1061 2062 1196 2132 heredes
1228 2074 1261 2132 et
1293 2067 1457 2150 legitimos
1523 2116 1531 2126 .

325 2191 528 2240 successores
545 2190 602 2257 per
618 2172 723 2257 ipsum
741 2172 877 2239 oendnm
904 2172 1069 2240 deminum
1101 2173 1297 2241 Ledeuienm
1331 2176 1457 2259 Regem
1533 2194 1538 2203 ·

325 2279 467 2366 prefects
484 2279 660 2362 extitisset3
686 2279 744 2347 sed
761 2275 875 2346 eedem
891 2281 1024 2348 demine
1039 2281 1210 2347 Elisabeth
1226 2287 1332 2347 mater
1358 2299 1457 2348 anno

325 2387 385 2452 tati
401 2386 529 2452 Nieelei
560 2387 601 2454 de
626 2387 743 2453 Gwibo
768 2407 833 2453 nen
866 2387 1046 2472 extitisset3
1071 2409 1146 2454 nem
1179 2387 1291 2454 eedem
1321 2388 1459 2457 domine
1541 2373 1543 2376 ’

326 2493 497 2560 Elizeheth
515 2492 653 2560 condam
670 2493 799 2561 Andree
816 2495 857 2562 do
873 2533 918 2544 -
934 2531 977 2544 -
993 2496 1183 2562 enthrenow
1198 2496 1320 2564 trndita
1336 2497 1458 2564 fnisset
1531 2548 1538 2558 .

326 2602 360 2667 in
377 2607 569 2686 censentem,
586 2599 639 2668 vbi
656 2601 770 2668 eedem
786 2601 919 2672 domino
935 2606 1006 2671 sine
1021 2605 1168 2691 prolibus
1184 2627 1224 2673 ex
1250 2607 1311 2672 hoe
1343 2607 1456 2672 sennie
1542 2673 1544 2678 ,

326 2709 468 2795 migrate
484 2709 664 2794 extitisset;
687 2717 721 2774 et
737 2729 776 2774 ex
794 2729 831 2777 eo
847 2709 954 2779 eidem
970 2713 1100 2779 demine
1116 2714 1209 2779 Anne
1224 2713 1315 2778 nulle
1342 2713 1456 2798 poreio

326 2816 365 2884 de
381 2815 477 2885 dietis
494 2817 754 2902 possessionibus
772 2816 943 2886 deberetur
958 2819 1019 2886 stb.
1047 2819 1290 2906 (Bizonyiteknl
1308 2841 1349 2886 ez
1367 2821 1455 2903 alpe

324 2927 421 2992 resek
437 2923 493 2989 bat
508 2928 667 3012 ohmtnyt
682 2923 811 2992 bennok
827 2923 886 3010 iel)
904 2947 1001 2993 vnum
1016 2926 1155 3014 predieti
1180 2928 1316 2995 nendum
1343 2927 1455 2995 Botbh

318 3034 383 3100 snb
399 3031 505 3115 sigillo
522 3033 662 3118 Capituli
677 3033 844 3116 Agriensis
860 3053 946 3102 enne
963 3037 1093 3102 Domini
1110 3036 1279 3103 millesimo
1295 3035 1452 3103 dueente·
1536 3087 1543 3096 .

322 3142 406 3206 sime
421 3140 583 3206 trioosime
599 3139 705 3224 primo
720 3141 972 3224 priuilegieliter
988 3145 1171 3210 eonfeetnm
1199 3143 1282 3228 stb.;
1307 3144 1341 3209 in
1378 3163 1453 3228 qne-

323 3267 394 3312 rum
411 3248 516 3329 primo
532 3246 650 3332 prefati
668 3245 805 3316 eondem
822 3249 929 3316 Bothk
946 3252 1051 3335 ipsum
1070 3249 1176 3316 Botbk
1186 3252 1268 3318 inter
1278 3252 1366 3318 elios
1377 3271 1454 3319 snas

321 3355 586 3421 testamentarius
603 3351 840 3440 dispesieiones
856 3360 1093 3444 possessionem
1111 3358 1255 3445 Lengeld
1280 3359 1380 3426 modo
1409 3360 1452 3426 di·
1475 3401 1484 3418 ·
1552 3404 1558 3437 ,

319 3459 499 3527 nisienarie
516 3461 617 3527 trihus
632 3460 709 3544 dlijs
726 3463 804 3548 suis,
820 3463 974 3534 videlieet
989 3466 1119 3552 Thome,
1151 3471 1257 3536 Mense
1275 3471 1309 3534 et
1324 3467 1451 3555 Zepotb
1551 3472 1558 3531 s

315 3564 451 3634 dedisse
467 3571 528 3635 stb.
543 3570 764 3654 reperiebatur
780 3573 842 3639 stb.
866 3574 987 3641 Datum
1003 3576 1038 3641 in
1064 3575 1244 3660 vissegrad
1269 3575 1453 3660 quadrege-

319 3674 403 3741 sime
421 3673 472 3740 die
489 3683 676 3743 octonarum
693 3678 784 3745 Beati
802 3680 918 3748 Jeoebi
932 3682 1083 3766 ,Apostoli
1117 3684 1246 3751 Domini
1275 3683 1453 3750 M000000

314 3781 422 3848 toreio
440 3784 577 3851 decimo.

425 3981 564 4041 (hiredetie
582 3983 768 4049 norbertyen,
788 4001 805 4036 a
823 3988 906 4038 budei
926 3989 978 4038 hir.
999 3990 1127 4040 kamerei
1146 3987 1341 4052 levelttrhsn.)
