3184 5186
581 396 742 492 *gos-

91 611 154 657 nos
171 591 309 656 eundem
327 597 445 656 terram
460 591 504 657 ab
520 587 645 656 iniuste
660 589 867 675 impetitione
882 589 1023 656 filiorum
1053 589 1138 657 Rsts
1170 592 1229 659 ub·

88 697 276 781 soluentes,
290 696 437 782 predicto
453 695 651 764 Monusterio
668 697 870 766 restituimus
886 697 955 764 iure
970 705 1130 782 perpetuo
1154 717 1226 783 pos-

89 802 267 871 sidendam
284 804 419 888 puritiee
436 809 469 871 et
484 805 603 887 quiete.
645 801 691 871 Ut
707 805 807 888 igitur
822 803 916 871 huius
933 803 980 871 rei
995 804 1097 872 series
1128 805 1230 872 robur

90 912 242 980 obtineat
257 919 414 997 perpetue
429 911 602 995 firmitatis,
618 931 679 978 neo
695 911 762 980 ullo
779 931 920 998 unquam
936 929 1089 998 proeessu
1104 917 1227 998 tempo·

91 1039 167 1086 rum
184 1038 244 1105 per
259 1019 345 1087 filios
363 1020 451 1085 Bate
465 1019 518 1086 vei
535 1037 644 1086 eornm
661 1036 865 1086 successores
896 1017 1002 1105 possit
1031 1016 1066 1084 in
1096 1017 1224 1084 irritum

90 1126 254 1213 renouari,
270 1133 440 1210 presentes
455 1124 650 1194 contutimus
666 1125 793 1194 litteras
809 1124 911 1211 sigilii
926 1125 1029 1193 nostri
1046 1125 1225 1192 munimine

92 1234 275 1302 roboratas.
300 1234 420 1300 Datum
446 1233 607 1317 Zugrsbie
637 1253 724 1300 anno
753 1232 798 1299 ab
828 1233 1063 1300 Inesrnsoione
1093 1229 1228 1298 Domini

92 1340 204 1407 MCC.
221 1341 492 1426 quinquagesimo
508 1359 602 1407 nono.

189 1539 348 1602 (Tkslosics,
367 1539 492 1590 Menum.
512 1538 577 1589 hist.
597 1539 686 1602 Epioe.
707 1537 901 1603 zagrsbiensis
920 1536 943 1587 Ι.
962 1536 1022 1587 kitt.
1044 1539 1105 1588 2⁴4.
1124 1535 1157 1598 1.)
1284 1581 1290 1589 .

630 2355 705 2424 327.

96 2555 148 2621 Az
165 2557 237 2642 syri
252 2555 476 2642 kuptalouunk
492 2554 755 2641 tisonysripieoele
773 2555 951 2643 Olympias,
977 2557 1126 2624 Buteoni
1155 2554 1233 2622 Ger·

332 2662 406 2747 peip
421 2661 551 2748 nrjtnek
567 2661 877 2749 oiqtnttzkede'strtl.
902 2663 1001 2728 1259.

211 2856 332 2925 Amicis
371 2855 439 2924 suis
468 2855 669 2923 Reuerendis
700 2853 850 2943 Onpituto
881 2855 1030 2924 Eeelesie
1060 2856 1231 2940 Agriensis

99 2963 259 3031 Nieolsus
275 2963 316 3030 de
332 2961 420 3028 Gara
436 2962 540 3046 Regni
557 2962 725 3046 Hungurie
741 2963 961 3048 Palatinusut
987 2962 1008 3030 J
1011 2959 1093 3030 udex
1118 2963 1232 3029 (ioma-

97 3091 215 3138 norum
232 3069 292 3136 stb.
317 3067 490 3152 Noueritis,
523 3067 610 3151 quod
626 3089 697 3135 enm
714 3069 869 3152 Magister
884 3068 1059 3136 Ludislaus
1076 3068 1117 3134 de
1147 3069 1230 3136 Rou-

98 3199 165 3262 gon
183 3177 348 3244 dominum
364 3175 524 3241 Briooium
540 3176 741 3262 Propositum
769 3177 913 3243 Emissis
946 3184 1062 3264 vestre,
1094 3184 1127 3244 et
1156 3178 1232 3248 Bla-

97 3287 182 3353 sium
201 3281 242 3348 de
256 3284 374 3366 Monte,
394 3303 432 3350 ao
446 3283 587 3351 nobilem
606 3282 772 3350 dominam
788 3284 922 3351 Eiensm
938 3283 1040 3351 filiam
1058 3285 1167 3373 Egidij
1189 3285 1232 3353 (ie

97 3391 216 3461 eadem
233 3396 383 3474 pretextu
400 3391 617 3478 possessionis
633 3390 768 3456 Bubone
783 3397 899 3461 vocate
916 3393 949 3458 in
966 3391 1127 3461 comitatu
1157 3393 1233 3460 Bor·

95 3499 245 3566 sodionsi
263 3499 453 3580 existentis3
493 3505 643 3584 pretereo
657 3497 730 3581 ipsu
747 3498 880 3565 domins
897 3499 1002 3566 Eleus
1017 3501 1152 3568 rsoione
1169 3519 1231 3567 me·

22 3689 24 3698 y
101 3607 238 3674 dietatis
255 3609 397 3673 eiusdem
414 3607 630 3691 possessionis
645 3607 781 3674 Bubonu
797 3607 1012 3675 Laureneium
1028 3609 1068 3676 de
1092 3608 1232 3696 Kemey,

23 3711 24 3714 ’
97 3723 132 3781 et
164 3713 353 3781 Ladistuum
387 3713 488 3780 filium
520 3733 614 3780 snum
644 3733 702 3799 per
732 3714 868 3800 Regium
901 3722 934 3782 et
963 3722 1089 3784 uestros
1132 3715 1233 3782 homi-

97 3843 158 3889 nes
192 3825 304 3888 oontrs
334 3839 406 3888 sese
439 3821 481 3887 sd
498 3825 633 3888 uetares
649 3821 725 3888 festi
751 3824 846 3896 Beati
878 3823 1057 3908 Myehaelis
1088 3821 1234 3889 Arehsn·

102 3927 172 4014 geli
189 3926 337 4012 proxime
353 3927 497 4012 preteriti
515 3934 648 3994 seruata
664 3927 770 3995 forma
785 3929 931 4015 legitime
962 3927 1234 4014 reonptiuaoionis

99 4037 135 4102 in
153 4055 287 4102 eausam
305 4034 538 4100 eonvenissent
554 4034 618 4100 stb.
635 4031 815 4121 (tibbsztiri
830 4036 1003 4120 porogntio
1019 4037 1096 4102 utin
1113 4053 1152 4099 az
1168 4043 1236 4119 ttgy

100 4147 202 4224 segre
222 4142 288 4207 »sd
306 4149 440 4208 outsuas
467 4142 698 4210 Pentecosten«
731 4142 1047 4223 ethuissztstvtn;s
1078 4139 1183 4208 ekkor
1213 4161 1236 4207 s

100 4249 245 4335 felperes
262 4243 456 4332 okmsnysit
471 4245 653 4328 selhozvsu,
686 4247 832 4314 ezeknek
849 4247 1030 4334 irtnytban
1048 4265 1087 4311 sn
1112 4247 1235 4331 uipere-

99 4356 163 4424 rek
179 4355 237 4420 het
255 4353 412 4440 okmsnyt
426 4356 597 4421 mntstnak
615 4353 699 4442 fel);
718 4375 854 4441 quornm
871 4357 977 4442 prima
997 4360 1106 4423 vestra
1122 4352 1237 4419 littera

100 4460 321 4549 priuilegiaiis
337 4459 510 4547 alphabeto
527 4463 681 4530 intercisa
696 4481 784 4530 suno
800 4463 933 4532 Domini
948 4463 998 4530 Μο
1015 4460 1236 4530 (Ιηοειιιεείωο

99 4569 368 4655 quinquagesimo
394 4589 481 4638 nono
513 4571 603 4639 editu
637 4573 848 4656 exprimebat,
881 4569 967 4656 quod
999 4591 1070 4638 oum
1102 4569 1235 4637 domina

99 4677 274 4765 Olympius
292 4673 362 4742 filis
378 4675 526 4745 Matheus
543 4677 583 4745 de
597 4676 677 4760 Potr,
696 4699 776 4747 vxor
792 4679 942 4763 Gregorij
960 4678 1001 4744 de
1020 4678 1154 4745 Babonn
1164 4697 1239 4763 gra·

213 4811 316 4850 mossur.
332 4809 415 4850 noso.
430 4813 502 4850 mrsu.
522 4819 560 4831 -
578 4811 649 4852 nuru.
665 4812 710 4850 xx.
1088 4785 1132 4850 30
