3116 5186
858 917 932 987 lor.

206 1203 207 1208 γ
288 1117 412 1198 ...Bata
428 1115 535 1203 ifjabb
551 1115 663 1202 lairdly
688 1115 858 1182 Kouretes
888 1117 919 1182 ds
949 1115 1095 1201 Daniele,
1124 1117 1297 1211 Jobunnea
1320 1117 1459 1186 Latinas

312 1225 408 1312 gadad,
435 1247 474 1290 az
498 1223 621 1310 aeddiyi
644 1223 772 1290 sadszolc
802 1223 874 1289 itb'zt
904 1220 1276 1309 additedvaamduyekbea
1305 1229 1460 1296 rebzesitu'.

848 1329 947 1395 1231.

435 1525 515 1592 Bela
530 1523 593 1590 Dei
610 1524 724 1608 gracia
738 1522 809 1590 Rex
819 1521 1056 1608 primogenitus
1067 1522 1167 1606 Regis
1178 1523 1345 1606 Hungarie
1356 1525 1459 1592 omui·

326 1635 385 1702 bus
401 1635 569 1719 presentes
587 1631 713 1698 litteras
729 1629 926 1716 inspecturis
942 1631 1083 1697 salutem
1098 1629 1133 1694 in
1149 1630 1298 1696 Domino.
1344 1631 1457 1698 Gloria
1528 1687 1533 1694 .

338 1763 360 1808 n
376 1739 523 1808 Excelsis
542 1737 620 1824 Deo,
637 1743 669 1804 et
683 1738 718 1803 in
735 1743 823 1804 terre
839 1739 923 1805 bone
940 1737 1119 1805 uoluntatis
1136 1735 1318 1802 bominibus
1329 1757 1400 1821 pax
1424 1738 1457 1804 in

332 1859 418 1916 terra
432 1845 615 1931 nunciatur,
633 1866 732 1931 quum
749 1846 856 1912 illuxit
872 1845 944 1912 dies
962 1843 1199 1929 redempcionis
1218 1842 1457 1930 Hungarornm,

327 1954 581 2026 restauraciunis
599 1952 773 2037 diguitatis
790 1953 904 2038 Regio,
921 1951 1141 2019 reuocacionis
1152 1950 1310 2018 libertatis
1322 1950 1458 2035 (torona,

331 2065 543 2133 Beatissimae
560 2062 629 2127 Rex
659 2061 844 2147 Stephanus
876 2061 920 2127 ad
951 2059 1237 2128 inmarciscibilem
1268 2059 1356 2125 enim
1389 2060 1458 2126 vite

332 2181 442 2240 eterne
458 2171 653 2237 transiturus
669 2169 816 2256 gloriam,
833 2167 1015 2236 defensioni
1031 2168 1133 2234 Beate
1159 2165 1303 2248 Virginis
1335 2173 1455 2232 terram

330 2281 559 2363 Hungarornm
575 2277 688 2343 merito
705 2278 952 2364 conmendauit;
968 2279 1046 2360 quia
1063 2277 1133 2344 eius
1150 2273 1300 2362 precibus
1317 2274 1457 2341 etinter·

317 2393 427 2453 'uentu
443 2384 484 2450 de
499 2401 623 2449 merore
637 2383 680 2448 ad
695 2383 847 2468 leticiam,
866 2383 906 2451 ds
932 2385 1086 2451 seruitute
1118 2383 1160 2448 ad
1192 2380 1374 2447 libertatem
1406 2389 1458 2448 est

330 2493 502 2559 translata.
519 2491 587 2556 Nos
603 2491 703 2574 igitur
718 2476 779 2558 sub
796 2491 1001 2576 proteccicne
1018 2489 1163 2558 eiusdem
1180 2488 1368 2575 militantes,
1379 2489 1459 2555 dum
1545 2524 1547 2527 ·

331 2620 389 2686 per
404 2597 526 2665 Diuine
543 2597 770 2684 inspiracionis
786 2599 931 2683 graciam
948 2600 1117 2667 voluntate
1142 2597 1246 2683 patris
1276 2597 1387 2680 nostri,
1423 2605 1456 2662 et

331 2714 454 2773 maturo
472 2705 654 2792 principum
672 2712 758 2773 terre
775 2714 883 2773 nostre
899 2705 1034 2773 consilio
1051 2704 1186 2773 inutiles
1213 2709 1244 2771 et
1275 2703 1457 2788 superfluas

332 2813 542 2908 donaciones,
573 2833 636 2899 que
652 2813 735 2880 falso
752 2815 882 2880 nominc
896 2814 1131 2900 perpetuitates
1157 2810 1372 2898 appellantur,
1402 2813 1458 2880 de·
1553 2895 1554 2908 χ

329 2929 526 2990 strueremus
544 2922 642 3004 positi
659 2923 693 2986 in
710 2921 942 2989 Transiluanis
958 2923 1118 3008 partibus,
1145 2918 1255 2988 fideles
1271 2926 1304 2984 et
1319 2918 1457 2988 dilectos
1533 2957 1539 2967 ·

331 3029 454 3096 milites
470 3034 600 3095 nostros
617 3027 765 3096 Saxones
782 3028 1028 3117 Vltrusiluanm,
1039 3027 1237 3097 Corrardum¹
1244 3032 1276 3094 et
1284 3027 1457 3095 Danielem
1537 3014 1556 3101 't

330 3137 415 3204 tilios
431 3135 591 3202 Jobannis
607 3136 728 3222 Latini,
746 3136 803 3221 qui
819 3138 913 3204 nobis
929 3137 1065 3203 fideliter
1081 3156 1142 3203 sua
1158 3154 1287 3220 semper
1302 3135 1336 3200 in
1356 3134 1458 3200 omni·

329 3244 389 3310 bus
407 3243 624 3310 exbibuerunt
641 3244 781 3310 seruicia
797 3251 862 3311 tam
880 3240 1029 3328 diligenti
1045 3243 1249 3327 anneximus,
1265 3242 1353 3326 quod
1378 3262 1458 3324 qua·
1538 3295 1542 3302 .

316 3358 401 3417 tuor
416 3350 513 3416 villas
529 3370 649 3431 eorum,
667 3349 792 3417 scilicet
809 3350 921 3418 villam
931 3351 1181 3436 AlboEcclesie,
1199 3350 1311 3416 villam
1322 3349 1457 3416 Homna-

329 3463 434 3543 potoc,
449 3455 561 3522 villam
578 3456 744 3546 Sarpotoc,
760 3459 871 3526 villam
886 3459 1051 3543 Latinam,
1082 3479 1224 3527 necnon
1256 3463 1289 3522 et
1318 3459 1457 3544 populos
1540 3499 1551 3506 --

330 3563 505 3630 eorundem
522 3564 562 3630 dc
578 3564 661 3632 villa
679 3564 778 3652 Oplid
803 3568 844 3633 ab
876 3567 963 3634 omni
994 3566 1131 3634 collecta
1162 3565 1388 3655 absoluimus;
1411 3567 1457 3632 itu
1542 3558 1553 3606 ·‘

329 3670 416 3755 quod
433 3691 494 3737 nec
509 3673 628 3739 nostris
644 3674 885 3762 collectoribus,
901 3695 962 3742 uec
978 3675 1109 3762 populis
1126 3673 1350 3741 Scibiensibus
1362 3673 1458 3742 colle·

330 3782 415 3843 ctam
432 3780 633 3865 persoluaut,
649 3801 710 3848 uec
727 3783 915 3849 collectores
931 3782 1031 3850 villas
1046 3783 1191 3866 ipsorum
1208 3783 1330 3848 intrare
1355 3782 1459 3850 nostri

329 3893 593 3972 presumpmant5
618 3889 676 3954 scd
694 3891 869 3957 constituto
887 3891 1035 3977 termino,
1050 3889 1085 3956 id
1111 3897 1161 3956 est
1186 3890 1272 3955 circa
1295 3889 1457 3957 Natiuita·
1554 3944 1558 3947 ,

241 4021 247 4034 ·
329 4001 393 4060 tem
409 3993 541 4060 Domini
556 4003 730 4064 teneantur
744 3998 840 4066 nobis
859 3998 946 4066 dicte
963 3997 1038 4067 villo
1054 3998 1193 4064 militum
1218 4005 1285 4064 tres
1310 3997 1457 4067 fertones

326 4100 401 4168 auri
415 4103 603 4188 persoluere
620 4112 811 4190 annuatym.
847 4108 899 4174 Ita
917 4105 1001 4190 quod
1017 4109 1149 4192 propter
1164 4106 1261 4172 istam
1278 4105 1458 4188 specialem

328 4208 526 4276 solucionem
543 4215 681 4296 populos
697 4213 739 4278 ab
756 4214 844 4279 omni
861 4213 1061 4282 absoluimus
1077 4213 1279 4297 grauamiue.
1304 4213 1379 4280 Hoc
1395 4235 1459 4281 non

328 4317 611 4403 pretermittentes,
626 4317 715 4403 quod
731 4321 861 4406 quando
877 4322 911 4387 in
928 4321 1105 4388 exercitum
1121 4320 1372 4406 proficiscuntur
1388 4321 1460 4407 ipse
1535 4371 1543 4382 .

315 4422 383 4490 *uel
399 4423 456 4488 filii
474 4424 554 4509 eius,
572 4427 605 4492 in
623 4446 701 4494 usus
718 4447 828 4495 eornm
846 4428 987 4496 collecta
1003 4426 1090 4496 dicto
1114 4427 1254 4514 pecunie
1279 4427 1460 4510 redigatur.

317 4529 372 4597 'vt
387 4529 488 4616 igitur
503 4537 615 4599 nostra
631 4532 769 4602 donacio
786 4536 827 4602 de
841 4536 1014 4622 generacio
1031 4535 1065 4602 in
1082 4535 1333 4620 generacionem
1359 4537 1459 4604 salua
