3228 5198
707 301 867 408 A

219 519 292 571 esse
309 495 563 590 oonoepsrimus,
581 504 817 570 coutumaoiam
835 507 867 570 et
882 499 1158 588 presumptionem
1174 507 1263 572 tuam
1276 521 1350 590 gra·

219 609 306 676 riter
321 600 455 678 auctore
471 610 612 678 Domino
628 612 821 696 puniemusj
846 610 932 695 quod
949 629 1035 697 pena
1050 616 1109 678 tua
1125 610 1265 680 subditis
1290 614 1352 682 erit

218 716 414 803 exemplum,
430 718 575 790 Prelatis
593 717 660 787 suis
677 717 898 787 obedientiam
915 719 1095 805 prestandi.
1112 722 1232 790 Datum
1250 720 1347 791 Bene·

218 827 308 894 venti
325 824 419 894 tertio
437 823 601 894 kalendas
616 825 793 894 Februarii.

437 1026 559 1089 (Paulam
579 1025 727 1092 Illyrioum
746 1026 861 1079 suorum
881 1028 929 1079 lv.
949 1027 1008 1080 kur.
1030 1027 1088 1078 118.
1104 1028 1133 1092 l)

652 1315 920 1330 m

757 1855 814 1925 ao.
930 1942 934 1947 p

215 2056 354 2144 Rupere
379 2053 555 2124 dulnratiai
581 2057 613 2122 e's
644 2055 725 2122 Pisa
753 2056 919 2123 olarzbona'
948 2057 1070 2142 temperi
1099 2057 1233 2124 ouroaot
1264 2056 1348 2124 teeti

644 2161 817 2232 bebetetur.
835 2165 934 2230 1169.

323 2357 363 2428 ln
378 2361 509 2429 nomine
523 2361 604 2428 Jesu
636 2357 756 2428 Christi
773 2359 842 2428 veri
861 2360 920 2428 Dei
936 2359 1047 2427 literni
1063 2359 1175 2430 Amen.
1194 2364 1266 2448 Ego
1284 2361 1339 2431 Al-

215 2471 331 2537 bertus
347 2467 541 2538 Pisanorum
552 2465 673 2537 Consul
683 2475 715 2537 et
730 2469 858 2535 Marsus
868 2467 1114 2552 etBurgandius
1125 2468 1242 2556 Judex,
1254 2472 1342 2540 rimi-

211 2577 292 2645 liter
306 2576 434 2665 Legati,
459 2577 687 2644 constituimus
705 2582 738 2644 et
754 2575 940 2644 ordinamus
958 2583 1025 2644 tam
1042 2598 1099 2663 pro
1126 2578 1219 2644 nobis
1247 2599 1343 2664 quam

212 2691 283 2753 toto
297 2685 420 2772 populo
435 2683 583 2754 Civitatis
608 2690 717 2754 nostre
733 2685 853 2752 Pisane
883 2685 1007 2751 firmam
1039 2691 1071 2750 et
1096 2684 1259 2752 illibatam
1293 2707 1346 2772 pa-

213 2814 287 2863 oem
309 2792 402 2861 vobis
419 2792 613 2861 Consulibus
629 2792 767 2878 Ragusii
793 2791 895 2860 Vituli
912 2799 945 2861 et
961 2792 1087 2859 Luaaro
1103 2799 1135 2861 et
1152 2793 1342 2880 Lampridio

213 2909 250 2969 et
264 2901 390 2969 Felieio
406 2907 437 2968 et
454 2901 607 2968 uiolatio
624 2907 656 2969 et
672 2901 881 2968 Dabraslavo
897 2906 929 2967 et
960 2901 1114 2968 universo
1139 2899 1260 2987 populo
1283 2921 1337 2968 su·

131 3049 138 3060 ·
212 3007 365 3096 pradioto
382 3007 533 3076 Civitatis
549 3008 687 3094 Rugusii
701 3007 759 3075 tali
776 3007 890 3091 m0d0;
907 3014 942 3075 ut
957 3007 1153 3092 quinamque
1168 3010 1340 3094 Raguseus

214 3117 341 3185 nostris
366 3115 400 3181 in
416 3115 561 3202 partibus
575 3115 630 3184 vel
646 3117 681 3182 in
697 3123 805 3183 nostro
821 3114 977 3182 Distrioto
994 3114 1172 3202 devenerit,
1189 3121 1255 3182 tam
1272 3119 1344 3202 ipse

215 3245 316 3310 quam
334 3229 366 3291 et
376 3241 487 3291 omnes
497 3243 550 3290 res
561 3222 630 3292 eins
640 3224 735 3292 salve
744 3221 810 3290 sint
820 3229 852 3290 et
862 3221 978 3309 sienne,
989 3223 1151 3290 etannllo
1162 3229 1342 3291 nostratum

213 3331 405 3401 violentiam
422 3338 480 3400 aut
495 3333 649 3398 damnum
667 3331 819 3416 patiatur.
859 3329 894 3396 Si
910 3351 988 3400 vero
1020 3329 1095 3398 aliis
1128 3329 1161 3396 in
1192 3330 1343 3416 partibus

214 3439 506 3524 qualibuscumque
553 3437 673 3523 aliquis
719 3439 889 3523 Bogussus
929 3439 970 3506 ab
1003 3438 1114 3519 aliquo
1147 3436 1267 3504 Pisano
1299 3435 1346 3503 in-

214 3547 385 3633 venietur,
425 3547 553 3612 nullum
592 3546 634 3612 ab
673 3565 710 3614 eo
750 3545 903 3612 damnum
942 3544 977 3610 in
1015 3563 1157 3629 persona
1198 3563 1258 3612 sua
1290 3545 1343 3612 vel

215 3657 251 3723 in
267 3656 365 3724 rebus
381 3657 449 3723 suis
466 3657 636 3738 Raguseus
652 3654 810 3739 patiatur,
827 3673 888 3720 nee
904 3654 964 3720 erit
980 3653 1014 3718 in
1032 3652 1168 3721 oonsilio
1185 3653 1235 3718 vel
1252 3651 1340 3720 tuoto

215 3763 340 3849 aliquis
357 3763 545 3830 Pisanorum
563 3761 792 3846 qualicumque
808 3760 842 3825 in
855 3765 949 3846 parte
965 3765 1239 3844 ututuquoquarn
1256 3757 1344 3824 dam-

219 3873 375 3939 nietatem
393 3873 426 3938 in
443 3890 585 3957 persona
601 3876 657 3936 aut
673 3872 769 3936 rebus
793 3869 862 3936 suis
879 3868 1006 3935 habeat.
1022 3867 1058 3933 Si
1075 3887 1152 3935 vero
1170 3865 1345 3950 eontigerit

215 3981 359 4065 aliquem
376 3980 566 4048 Pisanornm
583 3978 725 4063 aliquam
741 3976 934 4044 iniustitiam
951 3974 1047 4043 alioui
1063 3977 1213 4059 Ruguseo
1224 3974 1345 4058 iuuere,

215 4085 302 4154 infra
314 4086 450 4172 triginta
460 4085 531 4154 dies
542 4086 698 4153 rationem
710 4086 915 4151 aoiustitiam
938 4084 1067 4170 plenam
1086 4102 1195 4150 eoram
1211 4079 1343 4149 Vioeeo·

219 4195 356 4262 mitibus
371 4195 423 4260 vel
441 4192 634 4261 Consulibus
644 4195 696 4261 vel
706 4193 849 4261 Prolatis
859 4192 979 4260 nostris
996 4193 1029 4257 in
1045 4190 1216 4275 regimine,
1232 4189 1267 4256 in
1279 4207 1344 4273 qua

221 4300 416 4368 iniustitiam
434 4321 550 4387 passus
568 4305 627 4388 est,
644 4307 869 4386 consequatur.
885 4299 943 4365 Sin
959 4305 1069 4365 autern
1083 4297 1117 4363 in
1133 4297 1266 4384 regione
1281 4295 1340 4364 illa

215 4408 346 4478 nullum
363 4409 561 4497 prepositum
579 4409 799 4495 habuerimus,
816 4429 838 4476 a
854 4408 1019 4476 nauolerio
1035 4406 1139 4492 nasis,
1156 4425 1219 4491 que
1234 4405 1281 4473 ibi
1298 4402 1345 4473 in·

219 4525 320 4584 senta
338 4517 444 4604 tuerit,
462 4517 619 4584 iustitiam
637 4515 787 4583 similiter
804 4517 935 4584 habeat.
951 4513 1016 4582 Sed
1030 4513 1058 4582 si
1074 4511 1260 4584 nauclerios
1277 4513 1346 4581 nnl-

214 4624 268 4693 lus
285 4623 329 4694 ibi
340 4623 459 4714 aderit,
476 4623 599 4707 uliquis
611 4624 663 4691 vel
674 4621 776 4709 aliqui
792 4623 989 4690 Pisanorum
1005 4623 1163 4692 bonorum
1181 4620 1345 4689 hominum
