3206 5184
907 388 1069 500 „sss-

422 595 539 685 tineis,
555 594 753 684 nemoribus,
784 591 930 679 mrag'ris
947 601 981 663 et
996 593 1136 681 pascuis,
1162 589 1312 663 inbosco
1329 599 1364 664 et
1378 591 1489 681 plano,
1519 591 1550 661 in

423 704 518 790 aquis
534 709 567 773 et
582 701 788 791 molendinis,
803 703 838 770 in
853 701 917 768 viis
932 709 966 770 et
980 700 1118 781 semitis,
1151 705 1184 766 et
1199 699 1349 768 omnibus
1367 701 1444 770 aliis
1458 701 1550 770 liber·

424 810 546 881 tatibus
561 816 595 879 et
608 809 867 879 inmunitatibus
882 808 961 877 suis.
1000 807 1053 876 Ad
1068 807 1130 876 beo
1147 807 1307 876 cimiteria
1334 808 1551 876 Ecclesinrum

424 927 457 989 et
472 918 698 989 ecclesiastica
711 916 869 987 beneficia
898 917 1006 984 nullus
1037 913 1237 985 hereditario
1262 915 1337 1001 jure
1369 913 1552 1002 possideam

425 1025 513 1112 quod
531 1025 561 1094 si
583 1025 656 1110 quis
671 1023 780 1094 facere
795 1022 1038 1111 presumpserit,
1054 1023 1214 1091 canonica
1224 1041 1361 1090 censura
1371 1041 1552 1108 compescat·

424 1141 487 1202 tur.
521 1135 675 1202 Protcrea
689 1131 778 1217 quod
793 1129 956 1199 communi
972 1148 1111 1198 assensn
1128 1126 1273 1215 Capituli
1289 1128 1347 1214 tui,
1380 1130 1435 1198 sel
1452 1129 1549 1217 partis

425 1240 560 1309 consilii
578 1239 717 1310 sanioris
733 1238 767 1305 in
783 1245 842 1306 tua
856 1236 992 1308 Diocesi
1018 1257 1076 1322 per
1100 1243 1133 1304 te
1163 1235 1217 1304 rel
1247 1255 1455 1306 successores
1485 1247 1550 1306 tuos

425 1346 526 1415 fucrit
541 1346 697 1416 canonice
713 1345 906 1433 institutum,
937 1352 1043 1413 ratum
1059 1349 1091 1410 et
1106 1344 1233 1411 firmum
1248 1346 1398 1414 volumus
1428 1365 1550 1430 perma-

426 1475 513 1524 nere.
565 1453 778 1522 Prohibemus
810 1452 953 1541 insuper,
984 1471 1026 1520 ne
1041 1450 1337 1521 excommunicatos
1352 1451 1407 1519 val
1420 1450 1551 1520 interdi-

427 1568 497 1630 ctos
512 1567 587 1630 tuos
604 1561 650 1630 ad
664 1561 805 1630 officium
820 1562 875 1628 sel
905 1561 1163 1629 communionem
1195 1560 1455 1629 ecelesiasticam
1486 1560 1552 1628 sine

426 1666 626 1737 conscientia
643 1675 676 1737 et
691 1687 827 1738 assensu
842 1672 898 1735 tuo
914 1667 1087 1753 quisquam
1103 1666 1267 1756 admittat,
1283 1674 1340 1737 aut
1355 1673 1472 1736 contra
1485 1686 1553 1734 sen·

426 1776 566 1844 tentiam
583 1782 674 1844 tuam
690 1773 849 1844 canonice
864 1774 1104 1861 promulgatam
1120 1773 1242 1859 aliquis
1256 1775 1369 1844 venire
1379 1778 1551 1862 presumat,

427 1882 493 1952 nisi
508 1882 591 1953 forto
606 1882 786 1970 perieulum
811 1882 923 1952 mortis
953 1882 1131 1970 immineat,
1162 1889 1219 1949 aut
1248 1883 1324 1950 dum
1355 1882 1552 1970 presentiam

429 1997 520 2059 tuam
535 1989 660 2060 babere
675 1990 868 2078 nequiverit,
899 2009 958 2077 por
973 1989 1074 2059 alium
1090 1985 1267 2057 secundum
1282 1988 1421 2058 formam
1446 1990 1554 2057 Euola-

427 2097 488 2185 sie,
505 2097 730 2167 satisfactione
745 2096 904 2185 premissa
914 2099 1067 2182 woporteat
1082 2096 1220 2183 ligatum
1229 2096 1366 2166 absolui.
1382 2096 1553 2166 Sacrorum

430 2225 561 2291 quoque
575 2205 745 2275 canonum
761 2206 955 2272 anctoritate
969 2211 1141 2289 sequentes
1173 2205 1355 2294 statuimus,
1385 2211 1423 2273 ut
1446 2204 1552 2272 nullus

427 2315 608 2400 Episcopus
624 2314 678 2382 uel
694 2310 970 2398 Arobiepiscopus
985 2313 1109 2398 absquo
1123 2320 1180 2382 tuo
1205 2329 1344 2382 assensn
1374 2317 1552 2380 conventas

429 2420 605 2507 celebrare,
621 2439 741 2487 causas
757 2420 856 2487 stiam
872 2425 906 2486 et
919 2419 1144 2490 ecclesiastica
1159 2421 1288 2506 negotia
1302 2420 1336 2488 in
1346 2417 1555 2505 'traguriensi

428 2525 572 2614 Diocesi,
596 2527 662 2596 nisi
677 2547 736 2614 per
750 2529 930 2595 Romanum
945 2527 1143 2614 Episcopum
1159 2529 1212 2597 rel
1227 2529 1296 2597 eins
1310 2529 1471 2613 Legatum
1488 2527 1554 2597 fue·

428 2632 472 2700 rit
487 2631 594 2703 eidem
610 2633 798 2722 iniunctum,
812 2640 953 2704 tractare
968 2641 1153 2720 presumat;
1185 2635 1249 2703 nisi
1264 2636 1377 2704 forsan
1391 2635 1554 2722 Metropo-

427 2737 551 2810 litanus
568 2741 639 2812 eius
654 2741 788 2827 aliquod
803 2743 1032 2829 premissorum
1049 2740 1163 2810 fecerit
1177 2742 1214 2810 in
1228 2741 1360 2810 casibus
1375 2741 1440 2810 sibi
1455 2743 1554 2829 ajuro

428 2849 605 2918 concessis.
629 2848 669 2918 In
683 2849 842 2940 Ecclesijs
857 2867 982 2937 quoque
998 2850 1229 2936 Traguriensis
1244 2849 1406 2940 Diocesis,
1435 2868 1498 2937 que
1513 2847 1553 2916 ad

429 2957 512 3025 alios
528 2959 627 3045 pleno
639 2957 715 3044 jure
730 2979 795 3027 non
811 2959 984 3046 pertinent,
1011 2958 1122 3027 nullus
1137 2957 1291 3027 clericum
1308 2959 1479 3028 instituere
1504 2961 1556 3025 rel

430 3060 617 3153 destituere,
648 3071 706 3133 aut
721 3064 925 3134 sacerdotem
940 3064 1094 3151 preficere
1110 3066 1182 3134 sine
1197 3079 1357 3136 consensu
1373 3065 1555 3136 'Diooesani

428 3175 605 3258 presumat.
630 3171 844 3242 Deoomimus
860 3192 950 3260 ergo,
977 3179 1012 3240 ut
1027 3173 1110 3240 nulli
1125 3174 1257 3242 omnino
1273 3173 1440 3244 hominnm
1456 3174 1556 3242 licent

316 3271 320 3276 ’
430 3275 591 3363 prefatam
606 3277 789 3347 Ecclesiam
805 3285 927 3367 tenere,
942 3280 1154 3370 perturbare;
1171 3287 1229 3349 ant
1244 3282 1315 3350 eius
1330 3279 1553 3367 possessiones

429 3385 569 3471 auferre,
586 3388 639 3454 rel
655 3385 786 3455 ablatas
800 3385 952 3469 retinere,
983 3387 1140 3471 minuere,
1170 3409 1229 3458 seu
1244 3386 1446 3473 quibuslibet
1460 3405 1556 3455 vexa·

430 3491 576 3561 tionibus
591 3492 750 3581 fatigare;
773 3493 833 3564 sed
863 3493 975 3562 omnia
1006 3493 1131 3580 integre
1163 3503 1403 3585 conserventur,
1437 3514 1556 3580 eorum,

427 3617 489 3684 pro
505 3618 640 3686 quorum
655 3601 895 3687 gubernatione
910 3607 944 3672 et
957 3604 1195 3672 sustentatione
1211 3623 1367 3674 concessa
1380 3609 1469 3690 suut,
1493 3600 1556 3671 usi·

428 3706 489 3777 bus
507 3711 699 3780 omnimodis
715 3710 896 3798 profutura,
926 3713 1022 3781 salua
1036 3711 1133 3782 Sedis
1148 3712 1336 3798 Apostolico
1351 3713 1556 3797 auctoritate,

430 3820 464 3884 et
479 3813 514 3884 in
529 3815 684 3905 predictis
701 3816 837 3888 decimis
854 3819 1077 3889 moderatione
1093 3818 1231 3905 Concil'u'
1243 3818 1427 3889 Generalis.
1443 3817 1559 3904 Siqua

427 3923 530 4009 igitur
545 3926 580 3993 in
597 3926 740 3993 futurum
757 3925 982 3996 ecclesiastica
991 3927 1189 3996 secularisve
1201 3946 1345 4013 persona
1353 3926 1441 3996 bano
1451 3930 1559 3996 noste

428 4031 679 4102 constitutionis
695 4032 851 4120 paginam
867 4035 983 4121 sciens,
1000 4041 1201 4105 contrusam
1217 4039 1337 4105 temere
1351 4035 1468 4103 venire
1491 4042 1558 4104 ten·

427 4137 559 4225 tarerit,
589 4137 886 4209 secundo-tertioue
901 4140 1108 4227 commonita,
1137 4140 1202 4211 nisi
1217 4147 1343 4211 reatum
1358 4161 1455 4212 snum
1487 4161 1559 4210 cou-

427 4265 512 4331 grua
527 4244 753 4316 satisfactione
770 4247 956 4337 correxerit,
972 4248 1148 4336 potestatis
1164 4249 1363 4335 honorisque
1378 4250 1429 4319 sui
1445 4257 1557 4318 careat

426 4353 598 4444 dignitato,
613 4373 768 4442 reamque
783 4376 821 4425 se
836 4354 955 4426 Divino
967 4357 1094 4443 judicio
1119 4357 1260 4427 existere
1293 4355 1336 4424 de
1366 4364 1558 4446 perpetrata

426 4460 600 4546 iniquitate
614 4470 803 4552 cognoscat,
835 4469 869 4534 et
884 4489 905 4534 a
920 4464 1150 4534 Sacratissimo
1166 4466 1310 4554 Corpore
1326 4474 1360 4535 et
1387 4467 1559 4551 Sanguine

425 4568 489 4638 Dei
506 4575 539 4636 et
554 4571 686 4639 Domini
701 4572 930 4659 Redemptoris
949 4574 1054 4642 nostri
1083 4574 1163 4645 Jesn
1193 4573 1316 4643 Gbristi
1347 4573 1463 4643 aliena
1494 4575 1558 4658 fist

426 4683 526 4770 atque
541 4676 574 4750 iu
590 4685 733 4753 erasmo
750 4680 902 4754 examino
918 4679 1064 4755 districte
1078 4683 1249 4756 subiaceat
1271 4681 1401 4754 ultioni.
1424 4681 1556 4757 cuncto
