3182 5200
888 976 940 1042 tt.

349 1195 397 1260 ΙΙ.
417 1188 526 1256 Eudae
541 1188 649 1270 ktaoty
665 1206 686 1245 u
700 1181 849 1266 topnskai
866 1183 1037 1239 monestere
1055 1171 1230 1256 mepcrdstti
1247 1167 1440 1258 birtokdbaa
1452 1169 1497 1232 c's

690 1282 1010 1374 jopoaa'tvdapuiban.
1038 1281 1134 1342 1213.

462 1489 609 1556 Andreas
626 1484 687 1550 Ilei
704 1481 815 1566 gracia
824 1477 992 1560 Hungurie
1004 1477 1074 1542 Rex
1084 1479 1144 1541 etc.
1160 1471 1351 1539 Theobaldo
1363 1468 1490 1537 Abbati.

356 1607 389 1666 et
406 1598 558 1666 iratribus
573 1591 709 1676 Toplioe
728 1586 958 1675 Cysterciensis
986 1582 1116 1648 Ordinis
1131 1581 1165 1646 in
1182 1585 1384 1665 perpetuum.
1402 1574 1486 1641 (lum

356 1708 464 1774 omnia
505 1699 737 1789 cysterciensis
779 1695 912 1764 Ordinis
955 1690 1161 1772 monasteria,
1202 1708 1264 1771 que
1296 1686 1374 1752 olim
1403 1686 1491 1749 bone

357 1814 509 1883 memorie
525 1819 632 1896 patres
643 1807 743 1874 nostri
760 1807 866 1888 Reges
876 1800 1019 1884 Vngarie
1030 1803 1286 1882 construxerunt,
1298 1792 1489 1878 specialiter

359 1923 545 2006 diligamus,
572 1937 609 1983 eo
635 1914 721 1999 quod
740 1919 771 1977 et
786 1914 856 1978 Deo
883 1907 1010 1974 tirmius
1028 1907 1184 1990 inherere,
1202 1911 1314 1972 ettam
1341 1902 1492 1984 assiduis

1581 1497 1588 1664 t

359 2051 455 2116 quam
473 2021 801 2112 devotis-oracionum
818 2017 989 2102 gemitibus
1013 2015 1101 2080 celos
1118 2015 1310 2098 propulsare
1326 2019 1359 2076 et
1376 2012 1490 2096 ipsum
1585 2033 1588 2120 i

359 2139 501 2206 celorum
527 2133 689 2200 dominum
717 2128 901 2209 frequenter
927 2144 984 2207 pro
1002 2122 1120 2188 nostris
1146 2122 1329 2187 excessibus
1346 2139 1486 2186 exorare
1586 2125 1588 2198 ξ

360 2245 553 2322 creduntur:¹
579 2236 776 2306 Monasterio
804 2241 911 2298 tamen
939 2230 979 2296 de
1004 2230 1151 2317 Toplica,
1175 2227 1263 2312 quod
1289 2227 1330 2292 do
1357 2227 1492 2312 proprio

360 2350 565 2420 fundavimus
591 2343 696 2427 Regni
721 2341 821 2420 nostri
854 2361 940 2405 anno
976 2337 1092 2422 primo,
1123 2334 1275 2420 ampliori
1301 2334 1492 2400 dileccionis

365 2455 571 2546 prerogativa
613 2459 770 2536 tenemur,
803 2469 841 2517 eo
874 2447 959 2529 quod
1000 2446 1115 2512 tratres
1140 2445 1401 2511 Clareuallenses
1448 2442 1494 2508 ed
1586 2431 1588 2522 5

362 2568 569 2634 sacrosancte
603 2556 774 2642 religionis
799 2561 1010 2638 augmentum
1038 2553 1119 2618 inibi
1143 2554 1402 2634 convocavimus,
1429 2555 1489 2634 qui
1586 2547 1588 2580 ²

365 2684 397 2740 et
414 2675 482 2738 Deo
500 2669 645 2736 serviant
660 2663 822 2732 indefesse
839 2661 921 2728 etin
938 2661 1086 2727 districto
1111 2661 1260 2725 examine
1277 2660 1370 2725 nobis
1387 2660 1494 2744 ipsius
1554 2653 1557 2658 ’
1585 2711 1588 2742 ,

364 2776 619 2844 misericordiam
651 2771 783 2838 valeant
823 2769 1004 2852 impetrare.
1053 2766 1097 2831 Ut
1130 2767 1227 2849 igitur
1259 2765 1499 2852 temporalibus·
1587 2773 1588 2810 ³

367 2884 521 2954 subsidiis
534 2880 729 2948 sufficienter
741 2877 843 2944 adiuti
855 2877 991 2944 liberius
1003 2874 1071 2942 Deo
1083 2873 1286 2962 vacent,illis
1303 2894 1362 2958 pro
1379 2877 1493 2942 anime
1585 2869 1588 2942 ’ἵ

371 2997 480 3062 nostre
521 3011 555 3057 es
587 2995 829 3054 autecessorum
868 2993 1052 3051 nostrorum
1093 2983 1236 3050 remedio
1276 2983 1428 3052 dedimus
1461 2992 1496 3056 in
1586 3017 1588 3042 s

366 3104 558 3183 perpetuum
566 3102 667 3162 totum
679 3095 874 3160 comitatum
891 3092 931 3160 de
944 3092 1163 3188 Goma,xsicut
1177 3092 1269 3160 illum
1287 3095 1502 3180 possedimus·

365 3227 438 3274 oum
453 3207 526 3272 Dux
551 3204 671 3270 fuimus
698 3203 782 3268 ultra
799 3201 954 3286 Dravam,
981 3221 1052 3266 cum
1079 3200 1201 3286 prediis
1213 3208 1245 3266 et
1260 3203 1353 3269 metis
1371 3223 1498 3294 eornm,
1586 3195 1588 3198 ’

367 3335 438 3392 cum
465 3313 558 3394 aquis
575 3322 606 3376 et
632 3308 882 3394 piscacionibus
900 3328 972 3374 cum
989 3307 1085 3377 terris
1112 3316 1145 3375 et
1160 3309 1273 3396 pratis,
1290 3329 1361 3376 cnm
1379 3333 1493 3382 nemo·

366 3425 456 3488 ribus
474 3427 506 3485 et
522 3418 616 3485 silvis
634 3423 666 3484 et
682 3417 927 3503 venationibus,
944 3435 1016 3482 cum
1044 3415 1223 3483 redditibus
1240 3425 1271 3483 et
1288 3423 1503 3489 consuetudi-

368 3528 465 3594 nibus
483 3533 515 3592 et
532 3525 680 3592 serviciis
697 3529 729 3592 et
743 3525 869 3592 cunctis
895 3524 1099 3609 utilitatibus,
1114 3545 1177 3608 que
1204 3528 1313 3594 omnia
1328 3523 1376 3593 ita
1391 3527 1499 3597 libere

367 3641 511 3717 teneant,
537 3633 621 3699 sicut
645 3651 686 3698 ea
711 3632 873 3702 tenuimus
897 3653 968 3700 cum
987 3631 1061 3700 Dux
1090 3632 1210 3700 fuimus
1227 3635 1311 3702 ultra
1335 3635 1493 3723 Dravam,

367 3743 514 3826 exceptis
530 3761 589 3808 sex
613 3741 891 3823 generacionibus.
917 3740 1075 3809 Addimus
1101 3741 1204 3807 eciam
1222 3742 1297 3809 huic
1312 3745 1491 3815 donacioni

368 3855 476 3916 nostre
508 3855 632 3913 tantam
663 3847 824 3916 libertatis
864 3849 1113 3936 prerogativam,
1145 3851 1231 3934 quod
1263 3853 1370 3921 nullus
1399 3854 1506 3920 iudex·
1587 3869 1588 3872 ’

367 3969 473 4039 neque
499 3954 618 4040 aliquis
643 3954 729 4024 alius
746 3963 853 4043 preter
879 3955 997 4022 bonam
1016 3958 1215 4024 voluntatem
1239 3961 1375 4028 Abbatis
1392 3983 1495 4046 super

369 4065 488 4130 dictum
514 4062 747 4130 monasterium
773 4063 826 4130 vel
843 4083 940 4149 super
958 4066 1110 4150 populum
1137 4063 1281 4132 eiusdem
1308 4069 1501 4136 Mcnasterii

369 4172 488 4238 audeat
519 4168 717 4239 descendere
761 4170 811 4236 vel
843 4169 979 4236 eundem
1010 4171 1166 4257 populum
1206 4174 1349 4244 iudicare
1380 4179 1431 4242 vel
1464 4179 1501 4244 in

369 4279 521 4345 iudicium
539 4279 665 4344 trahere
691 4285 766 4342 ante
791 4277 966 4359 quamlibet
993 4299 1165 4362 personam
1190 4291 1297 4366 preter
1324 4303 1502 4368 personam

369 4385 477 4467 Regis.
525 4387 562 4450 In
589 4385 650 4452 hac
684 4384 816 4451 tandem
842 4385 1033 4453 donacionis
1058 4395 1167 4455 nostre
1192 4391 1314 4475 pagina
1340 4391 1503 4462 duximus

369 4490 581 4598 inserendum
603 4516 611 4556 r
629 4491 715 4576 quod
734 4491 847 4575 siquis
863 4493 972 4560 Banus
989 4495 1041 4562 vel
1058 4495 1164 4565 Judex
1181 4499 1233 4562 vel
1252 4498 1388 4581 quilibet
1404 4499 1504 4584 alius,
1586 4481 1588 4502 i

369 4615 413 4662 ex
430 4617 492 4681 quo
518 4599 655 4682 primam
682 4599 896 4666 donacionem
922 4601 1070 4691 lecimus,
1097 4605 1248 4671 videlicet
1272 4606 1377 4691 Regni
1393 4611 1508 4673 nostri
1586 4683 1588 4694 Ι
