3206 5184
870 983 946 1054 tot.

345 1187 477 1256 domnoc
490 1193 521 1255 lo
536 1186 690 1254 Romano
707 1183 931 1274 helpetpetmt
948 1185 1084 1252 honorat
1098 1180 1163 1250 IV.
1177 1181 1259 1250 Belo
1274 1183 1385 1270 kirdly
1397 1186 1470 1270 pri-

601 1294 846 1384 vilegiumdook
861 1294 1014 1382 olopjdo.
1038 1270 1090 1358 do
1105 1290 1223 1358 notuit

450 1491 620 1562 Vniuersis
636 1489 755 1560 Christi
770 1487 921 1558 fidelibus
935 1493 1002 1556 tum
1017 1489 1221 1576 presentibus
1236 1509 1332 1574 quum
1349 1489 1468 1559 tuturis

344 1619 479 1694 presens
494 1599 650 1686 scriptum
666 1599 861 1685 inspecturis
876 1597 1072 1667 Colomanus
1087 1600 1273 1685 Propositus
1289 1604 1321 1666 et
1336 1597 1468 1685 (tupitu-

343 1715 410 1782 lum
426 1709 574 1781 Ecolesie
590 1708 825 1794 strigoniensis
842 1707 980 1776 salutem
1008 1709 1041 1775 iu
1066 1707 1183 1778 saluus
1214 1707 1376 1793 largitore.
1415 1707 1470 1775 Ad
1580 1749 1583 1754 n

344 1823 569 1892 uniuersorum
584 1816 738 1888 noticiam
754 1823 868 1886 tenore
883 1816 1088 1903 presencium
1104 1815 1253 1887 uolumus
1276 1816 1468 1904 peruenire:

345 1929 433 2016 qnod
449 1947 520 1995 oum
536 1927 627 1994 iuxta
642 1926 882 1994 continenciam
909 1924 1085 1995 litterarum
1118 1923 1371 2013 priuilegialium
1402 1926 1471 1994 lla·

345 2039 454 2127 gnidci
469 2039 531 2109 viri
547 2037 682 2108 comitis
698 2035 794 2105 Pauli
810 2035 831 2104 J
834 2034 936 2105 udicis
955 2035 1052 2105 Curio
1083 2035 1204 2104 domini
1235 2035 1338 2104 nostri
1366 2035 1469 2120 Regis

345 2150 468 2238 Karoli,
485 2146 602 2216 seriem
617 2144 796 2230 concambii
815 2143 1018 2230 quarundam
1034 2146 1275 2231 possessionum
1299 2143 1472 2234 Somkuth‚

343 2261 503 2343 Rususno,
519 2256 597 2324 item
613 2255 749 2323 Wamus
764 2259 797 2320 et
813 2249 1040 2339 Olsowpouith
1057 2249 1103 2339 (et
1118 2253 1399 2340 pertinenciarum)
1424 2251 1472 2320 ad

345 2363 477 2432 easdem
492 2361 714 2448 speoteucium
730 2360 763 2427 in
781 2358 995 2436 eomitatibus
1011 2359 1222 2428 Borsodieusi
1249 2361 1473 2448 existencium,

345 2469 639 2541 demonstrsucium
656 2474 690 2536 et
713 2467 970 2552 significancium
997 2465 1059 2534 stb.
1091 2467 1255 2555 Nicolaus,
1286 2469 1473 2558 Ladislaus,

345 2580 516 2656 lohannes
532 2587 564 2644 et
579 2576 694 2652 Petrus
711 2574 770 2661 filij
788 2573 956 2644 Benedicti
972 2573 1030 2661 lilij
1056 2574 1181 2644 Detrici
1208 2575 1311 2662 calui;
1334 2579 1474 2667 Stepha-

346 2707 419 2773 nus,
435 2685 607 2772 Georgius,
624 2683 864 2758 Dominicuset
895 2681 1078 2770 (Nicotaus)
1108 2683 1168 2770 filij
1200 2684 1360 2754 Dominioi
1391 2687 1475 2754 dicti

346 2795 473 2878 Bubek,
491 2814 530 2862 ae
545 2793 688 2864 tamtus
704 2793 787 2861 filius
804 2790 949 2861 eiusdem
964 2791 1098 2860 Nicolai
1111 2792 1263 2880 Magistri
1278 2795 1404 2864 nobiles
1429 2797 1475 2867 de

346 2900 502 2992 Oluytnuk
518 2902 608 2972 etde
623 2899 793 2970 Polsewch
810 2899 871 2968 stb.
887 2900 922 2967 in
938 2898 1111 2986 quindenis
1126 2901 1230 2972 Pasce
1255 2904 1388 2973 Domini
1418 2927 1474 2977 uo·

345 3033 416 3082 ram
431 3011 524 3081 uobis
539 3028 726 3096 comparere
742 3009 805 3076 stb.
822 3009 1010 3077 debuissent
1038 3008 1100 3078 sth.
1134 3007 1226 3098 (enen
1258 3010 1476 3086 nlkulommnl

346 3118 485 3189 Somkdt
500 3121 535 3186 es
551 3118 704 3186 Rususna
719 3115 904 3185 lekveserdl
921 3115 1040 3185 kdrdes
1056 3116 1267 3209 ttmadvtn);
1290 3123 1378 3207 quod
1395 3126 1476 3209 quia

348 3226 491 3316 predicte
507 3225 721 3312 possessionis
738 3224 900 3294 Somkuth
916 3232 949 3293 et
963 3227 1115 3297 Rusnsna
1130 3225 1217 3296 intra
1231 3237 1337 3300 metus
1369 3235 1476 3304 cuius·

347 3336 424 3404 dum
438 3334 602 3423 priuilegij
619 3332 752 3420 gloriosi
768 3331 931 3421 Principis
947 3333 1070 3403 domini
1095 3333 1175 3402 Belo
1200 3336 1337 3406 condam
1369 3341 1477 3410 incliti

347 3443 445 3529 Regis
461 3441 631 3529 Hungsrie
645 3461 747 3510 aurea
761 3442 853 3510 bulla
868 3443 1052 3527 consignati
1067 3444 1256 3515 adiacerent
1272 3450 1334 3517 stb.
1368 3451 1422 3539 (ez
1453 3475 1477 3522 a

348 3551 728 3638 birtokszabdlyoztsutl
744 3550 1015 3621 usinormertdkttl
1032 3551 1190 3642 vdtetatt.)
1215 3553 1344 3627 Prciate
1363 3568 1478 3631 autem

347 3667 434 3729 mete
449 3661 484 3728 in
500 3659 585 3728 dicto
602 3659 773 3745 priuilegio
790 3659 913 3729 domini
930 3658 1008 3729 Belo
1023 3662 1122 3747 Regis
1138 3681 1196 3748 per
1227 3665 1359 3734 eosdem
1388 3671 1478 3744 filios

346 3767 526 3838 Alexandri
542 3766 574 3833 iu
591 3768 763 3855 presencia
777 3768 856 3836 dicti
871 3767 1006 3838 Comitis
1023 3770 1116 3838 Pauli
1130 3769 1256 3839 Judicis
1286 3772 1383 3844 Ourie
1413 3783 1480 3848 Re·

347 3878 409 3965 gie,
425 3865 474 3946 ¹vt
489 3875 648 3963 dixerunt,
666 3877 820 3964 exhibite,
851 3898 891 3946 ao
922 3877 1024 3946 eciam
1056 3877 1090 3944 in
1121 3879 1295 3966 priuilegio
1326 3886 1480 3956 eiusdem

346 3985 471 4056 Judicis
487 3983 581 4052 Curio
596 3984 708 4072 Regis,
734 3985 820 4071 qnod
835 4006 896 4054 nos
927 3985 1065 4055 vidimus
1098 3987 1161 4056 lide
1183 3989 1323 4078 oculata,
1355 3996 1480 4066 exinde

346 4093 511 4176 coniecto,
527 4091 646 4176 quibus
663 4093 843 4180 prescripto
858 4095 1082 4178 possessiones
1099 4094 1257 4166 Somkuth
1275 4104 1308 4166 et
1322 4100 1482 4175 Rususna

348 4201 599 4288 circumdantur,
615 4208 648 4268 et
663 4203 705 4270 ub
723 4202 798 4290 alijs
814 4203 1073 4290 possessionibus
1089 4213 1295 4296 separantur,
1311 4218 1481 4304 contante,

347 4308 408 4379 hoe
425 4307 540 4378 ordine
557 4309 820 4395 protenduntur:
837 4310 922 4396 quod
938 4310 1046 4398 prima
1062 4317 1148 4380 meta
1164 4320 1215 4383 est
1229 4313 1399 4408 Somkuth‚
1417 4341 1484 4409 per
1597 4369 1599 4380 ·

349 4437 446 4504 quam
462 4423 634 4502 separatur
660 4437 681 4483 a
712 4423 799 4486 terra
830 4417 940 4504 Zulry;
963 4417 1083 4487 deiude
1113 4421 1205 4489 vadit
1235 4423 1278 4491 ad
1310 4427 1480 4509 quendam

348 4525 456 4593 locum
473 4526 527 4592 vbi
543 4532 619 4593 sunt
634 4533 701 4594 tres
717 4535 801 4594 mete
817 4533 942 4595 veteres
959 4527 1002 4594 de
1017 4535 1105 4598 terra
1120 4537 1154 4598 et
1182 4530 1345 4618 lapidibus
1375 4533 1481 4622 lactc,
1597 4513 1599 4522 Α

349 4636 382 4708 et
396 4635 513 4716 quarta
527 4650 622 4718 noua,
638 4651 697 4720 per
713 4653 794 4720 quas
811 4641 981 4724 separatur
997 4657 1017 4704 a
1034 4644 1121 4706 terra
1138 4639 1270 4725 deenen,
1302 4649 1335 4712 et
1349 4663 1371 4713 a
1384 4649 1481 4718 terra
