3116 5186
868 341 1027 441 ..aa

383 537 591 623 iobagionum
608 535 727 624 Casiri,
744 537 877 621 penitus
893 539 957 606 sint
974 537 1126 624 exempti,
1143 559 1203 606 nco
1227 539 1260 603 in
1288 538 1399 604 endem
1422 538 1489 605 rills

383 645 572 715 descensum
587 647 707 714 hahere
723 648 865 734 ualeant,
882 649 935 714 uel
952 648 1100 733 possint3
1117 647 1175 716 sed
1200 647 1235 714 in
1260 647 1384 734 Castro,
1392 647 1489 713 rideli-

382 763 435 824 cet
450 755 484 822 in
500 757 571 823 loco
582 753 750 822 Castrensi
761 752 1067 842 (conde)scendant,
1078 763 1111 825 et
1124 764 1370 823 commorentur.
1390 753 1490 821 Omnia
1515 819 1516 824 ,

384 861 547 947 siquidem
563 863 684 930 indicia
700 862 733 930 in
752 862 866 929 eadem
883 863 964 931 villa
981 873 1103 952 exorte,
1120 873 1152 931 et
1168 885 1288 934 causas
1315 883 1417 946 usque
1439 885 1490 930 me·

382 981 433 1040 tas
449 978 536 1038 terre
553 989 665 1038 eorum
681 976 775 1037 actas
791 967 853 1059 (et)
871 971 1010 1056 habitas,
1027 982 1061 1040 rt
1076 972 1260 1059 latrocinia,
1279 972 1378 1058 turta,
1409 972 1494 1038 horni-

384 1080 483 1167 cidia,
499 1081 727 1149 trnncaciones
744 1100 923 1168 corporum,
940 1090 974 1148 ct
989 1082 1056 1148 alia
1071 1082 1204 1167 indicia,
1221 1082 1390 1166 inquibus
1414 1082 1494 1164 bella,

383 1191 642 1276 amputa(ciones
658 1189 817 1276 c)apitnm
835 1199 866 1256 et
896 1190 1122 1257 truncscioncs
1147 1210 1302 1258 manuum
1328 1191 1494 1258 accidenta-

383 1297 459 1365 liter
475 1299 644 1378 orirentur,
677 1317 716 1366 ac
731 1299 841 1365 omnia
857 1298 977 1365 iudicia
993 1298 1127 1384 minuta,
1159 1298 1290 1366 villicus
1306 1300 1446 1385 ipsorum
1469 1303 1496 1362 et

385 1405 525 1494 iudic(es
541 1407 680 1493 possint)
697 1413 730 1474 et
746 1406 889 1473 debeant
905 1406 1196 1474 determinabillter
1211 1405 1369 1493 iudicare,
1389 1405 1496 1490 inipso

384 1515 619 1600 libertateque
635 1515 777 1601 hospites
794 1515 894 1584 nostri
912 1515 953 1583 de
969 1514 1100 1597 Zoloch,
1120 1515 1207 1582 etde
1231 1515 1398 1582 Zathmar.
1433 1515 1494 1580 Pro·

384 1629 475 1691 terea
491 1625 526 1691 in
541 1623 657 1711 officijs
673 1625 794 1693 nostris
804 1625 982 1692 comitibus
1000 1625 1138 1692 Camere
1155 1630 1267 1691 nostre
1283 1620 1495 1711 concessissit
1515 1713 1516 1716 Ἴ

386 1753 477 1800 usum
494 1730 623 1815 seruicij
642 1733 735 1799 nobis
753 1731 940 1818 exhibendi,
972 1729 1071 1816 ijdem
1087 1732 1234 1817 hospites
1265 1733 1372 1799 nostri
1403 1736 1446 1799 tot
1471 1739 1497 1795 et

385 1837 523 1926 (ta)ntos
539 1840 628 1908 sales
645 1841 781 1927 deferre,
798 1846 877 1923 quot
892 1848 922 1908 et
948 1847 1087 1923 quantos
1104 1839 1248 1925 hospites
1260 1841 1302 1908 de
1314 1840 1497 1906 Deesahuns

384 1947 545 2034 deferunt,
561 1948 700 2015 liberam
716 1949 862 2016 habeant
877 1948 1074 2035 facultatem,
1102 1968 1142 2014 ex
1172 1949 1327 2035 potencia
1353 1947 1496 2014 Comitum

276 2061 277 2064 ’
385 2053 549 2143 C(amere)
565 2064 676 2126 nostre
691 2057 938 2140 antedictorum,
955 2056 1069 2124 hahita
1084 2064 1195 2124 nostra
1212 2056 1417 2124 anctoritate
1440 2055 1496 2122 Hoc

384 2165 524 2251 adiecto,
541 2167 625 2250 quod
642 2166 776 2232 terciam
793 2172 920 2249 partem
933 2165 1050 2232 salium
1067 2171 1258 2246 nostrornm,
1276 2166 1311 2230 in
1330 2173 1422 2252 portu
1446 2165 1495 2230 lto-

383 2274 437 2357 gio
454 2271 575 2361 inx(ta)
593 2275 726 2341 fluuium
745 2275 862 2342 Zomus
886 2273 1169 2359 descendenoium,
1195 2294 1254 2360 per
1286 2274 1426 2340 eundem
1452 2272 1498 2337 liu·

384 2382 473 2448 nium
490 2381 613 2450 deferre
639 2389 817 2450 teneantur.
855 2383 923 2450 Nec
949 2383 1007 2448 hoc
1039 2382 1329 2469 pretermittentes,
1363 2381 1446 2467 quod
1470 2380 1499 2444 in
1526 2450 1527 2453 ,

387 2489 490 2573 prima
509 2490 562 2557 vla
578 2491 705 2556 vernali
722 2492 826 2576 primo
843 2500 875 2557 et
892 2491 1118 2579 principaliter
1133 2492 1167 2558 in
1184 2512 1247 2556 vno
1265 2491 1352 2558 hnrb
1369 2490 1498 2573 uulgari·

385 2606 433 2664 ter
448 2606 574 2686 uocato,
590 2599 676 2668 sales
693 2607 820 2667 nostros
838 2599 989 2666 deferant
1004 2601 1144 2666 nauibus
1169 2600 1237 2666 suis
1270 2599 1444 2668 cumulatis
1470 2596 1499 2662 in

388 2727 475 2790 aqua
491 2716 670 2792 prenotata
696 2707 862 2776 Adicimus
880 2708 993 2792 eciam,
1011 2708 1097 2789 quod
1114 2708 1154 2772 dc
1181 2706 1300 2774 tributo
1326 2705 1500 2792 Wyouoda·

385 2823 436 2884 tus
452 2815 632 2883 Comitatus
649 2815 689 2882 do
706 2817 853 2900 Zounuh,
872 2835 911 2882 ao
928 2816 1088 2882 Comitum
1108 2813 1243 2882 Cernere
1268 2821 1384 2882 nostre
1400 2833 1500 2898 prono

384 2929 464 3009 tate,
482 2932 547 2990 tum
565 2925 597 2990 in
614 2929 709 3008 terra,
724 2945 821 3008 quam
838 2924 870 2988 in
888 2944 984 3008 aqua,
1003 2923 1144 2991 medium
1163 2925 1319 2990 tributum
1338 2922 1499 2989 daretem-

386 3043 492 3118 antur,
509 3040 542 3098 et
557 3033 793 3100 administrare.
810 3033 1011 3119 itascilicet,
1027 3037 1125 3118 prout
1142 3032 1200 3098 hec
1216 3032 1326 3098 omnia
1345 3031 1379 3097 in
1396 3030 1501 3098 litteris
1525 3099 1526 3102 ,

381 3142 513 3209 Andree
530 3142 634 3228 patris
649 3143 754 3210 nostri
770 3140 946 3226 karissimi,
964 3143 1047 3208 bone
1064 3141 1223 3225 memorie,
1243 3140 1387 3208 uidimus
1416 3141 1501 3226 plone

384 3260 415 3317 et
431 3253 557 3338 plenius
575 3252 746 3319 contineri.
770 3251 812 3316 Vt
828 3250 925 3336 igitur
942 3251 1016 3335 ipsa
1031 3250 1164 3318 libertas
1182 3251 1305 3318 eisdem
1322 3247 1499 3335 hospitibus

381 3362 500 3428 nostris
518 3359 594 3428 data
611 3368 643 3427 et
658 3362 853 3446 condonata,
866 3361 1022 3446 temporis
1039 3379 1191 3446 preocssu
1217 3379 1281 3427 non
1313 3367 1447 3428 maneat
1474 3357 1503 3422 in

381 3489 549 3556 concusso,
575 3490 634 3537 neo
654 3491 712 3552 per
728 3468 911 3555 quempiam
929 3469 1032 3553 possit
1048 3469 1179 3550 uiolari,
1197 3474 1371 3552 presentes
1389 3465 1504 3551 duplici

381 3577 484 3660 sigilli
501 3577 603 3644 nostri
619 3578 796 3646 munimine
812 3577 973 3645 noluimus
991 3577 1191 3645 confirmare.
1231 3579 1351 3644 Datum
1369 3596 1429 3662 per
1445 3592 1505 3638 ma·

381 3705 441 3751 nus
457 3685 629 3770 Smaragdi
648 3685 805 3770 Prepositi
831 3685 988 3754 Albensis
1019 3685 1166 3752 Ecclesio
1198 3685 1306 3752 dilecti
1342 3691 1375 3750 et
1406 3680 1504 3749 fidelis

381 3786 1506 3884 nostreAulevicecancellarij,annoablncarnaoionis(lgy)domini

381 3901 482 3970 nostri
498 3901 599 3970 Jebsu
616 3900 735 3968 Christi
768 3902 939 3971 millesimo
967 3900 1189 3970 ducentesimo
1215 3900 1381 3968 tricesimo
1407 3905 1504 3980 sexto,

381 4014 415 4079 in
433 4012 546 4080 Insula
561 4011 655 4080 Erch.
1320 4001 1334 4018 ⁸

498 4213 642 4272 (Eredetie
661 4213 733 4265 Dens
752 4213 836 4264 varos
849 4213 1066 4277 lertlttrutbam
1084 4212 1160 4264 kbzli
1173 4211 1263 4263 Saabo
1275 4209 1406 4276 Ktroly.)

811 4503 1079 4517 ‘m
