3182 5200
16 597 17 600 ¹
101 609 175 680 duas
197 611 428 681 distinoeiones
447 632 482 681 se
497 611 627 700 dividit,
644 613 749 696 prime
774 617 859 682 mete
875 597 1160 700 siguumooourrit
1175 613 1221 684 ri·

16 745 17 748 ¹
101 722 240 788 dentibus
255 720 290 787 in
309 722 430 789 arbore
446 723 594 808 populea,
614 721 720 788 altc'ra
736 718 827 810 (vcro
845 722 945 810 meta)
963 722 1167 807 protenditur
1183 725 1225 792 ad

101 829 344 896 meridionalem
365 828 499 914 plagam
510 830 603 896 iuxta
613 828 755 916 Sauum,
766 829 822 898 ubi
832 830 929 898 arbor
939 829 1088 898 nucisora
1097 831 1226 916 siguum

100 945 199 1022 gestat
214 937 352 1006 evidens
369 940 493 1006 factum
510 938 700 1024 cespitibus,
717 937 762 1004 ibi
780 937 935 1004 dividitur
952 944 1041 1004 meta
1058 940 1221 1008 Oarochu-

104 1067 151 1134 uu,
166 1046 240 1112 iude
256 1047 468 1132 protenditur
484 1053 596 1115 contra
611 1047 813 1114 occidentem
831 1048 923 1113 iuxta
942 1047 1120 1132 predictum
1137 1048 1225 1115 duvi-

16 1215 18 1222 .
104 1174 151 1220 um
167 1153 209 1221 ad
233 1157 352 1242 rivum,
371 1154 427 1238 qui
445 1160 579 1222 vocator
602 1155 759 1240 Sereguu,
775 1154 822 1218 ibi
840 1172 916 1219 uero
941 1153 1107 1239 predictus
1130 1155 1221 1221 riuus

16 1333 17 1336 ,
104 1261 195 1330 intrat
210 1265 358 1348 stam,
383 1263 437 1329 ubi
454 1283 590 1345 quercus
609 1269 659 1330 cst
674 1263 774 1329 index
790 1271 885 1329 mete.
908 1263 1010 1330 Rivus
1025 1263 1088 1330 iste
1105 1263 1224 1332 diuidit

16 1423 17 1440 2
102 1380 213 1438 metam
230 1371 348 1438 sfiliis
366 1371 460 1458 Zosa,
477 1369 564 1438 idem
580 1391 657 1438 uero
674 1369 798 1438 rivulus
822 1391 935 1438 versus
953 1371 1153 1439 occidentem
1171 1391 1225 1438 ex·

16 1459 18 1470 ’
102 1479 144 1546 hit
158 1480 199 1546 de
214 1479 327 1566 Sarra,
340 1479 451 1564 ibique
467 1479 595 1563 siguum
607 1485 690 1546 mets
701 1485 752 1547 est
762 1479 900 1566 positum
912 1477 944 1546 iu
958 1477 1140 1566 ulmo‚iude
1150 1499 1228 1546 vero

16 1593 18 1658 i
102 1587 302 1672 protenditur
319 1587 364 1655 ad
384 1587 681 1673 septemtrionalem
699 1588 831 1673 plagam
844 1588 1000 1670 usquead
1011 1588 1164 1655 maiorem
1181 1589 1228 1654 di·
1328 1621 1330 1625 v

16 1771 17 1780 χ
105 1697 308 1766 etiucciouem
327 1696 466 1782 predicti
481 1697 581 1782 fluvii,
596 1699 651 1763 nbi
669 1695 815 1763 eciamin
827 1697 940 1762 arbore
951 1695 1227 1782 populeasiguum

104 1801 344 1890 meteapparct.
372 1805 491 1872 Verum
503 1803 726 1872 Sorraflurius
737 1802 976 1871 dividitomucs
996 1811 1099 1871 melas
1115 1823 1136 1870 a
1152 1805 1229 1872 liliis

16 1935 18 2004 3
107 1911 193 1980 desa.
228 1912 298 1982 Sed
324 1914 476 2000 quoniam
502 1913 655 1980 memorie
678 1921 869 1980 noreroatur
899 1911 1032 2000 obliuio,
1057 1913 1228 1981 oblivionis

16 2017 18 2050 ²
107 2021 293 2090 cuimortus
311 2028 363 2090 est
380 2021 532 2088 memorie
562 2020 720 2108 descetus,
753 2021 849 2088 huius
882 2021 984 2089 nostri
1001 2021 1080 2089 lacti
1111 2021 1229 2090 seriem

106 2129 202 2213 sripto
220 2131 455 2198 commendare
472 2130 637 2197 iussimus.
655 2128 699 2196 Ut
710 2136 818 2197 autem
830 2129 952 2198 firmius
965 2129 1063 2196 robur
1073 2129 1227 2216 obtineat,

106 2235 312 2318 sigilliuostri
323 2239 527 2325 inpressione
539 2239 814 2306 communivimus.
824 2239 918 2305 Auno
933 2239 1103 2306 Dominice
1118 2238 1228 2307 Incar-

16 2413 17 2416 ,
108 2345 245 2415 nacionis
264 2346 443 2414 millesimo
462 2346 682 2414 ducentesimo
692 2345 805 2432 primo,
823 2350 982 2431 regnante
993 2344 1229 2430 gloriosissimo
1321 2341 1329 2358 '

109 2451 198 2519 fratre
208 2461 324 2522 nostro
334 2457 423 2541 Rege
440 2454 600 2524 Hemrico.
619 2453 733 2524 Testes
750 2461 856 2522 autern
873 2453 969 2522 huius
984 2456 1032 2522 rei
1048 2463 1125 2524 sunt
1140 2457 1229 2524 iobs·

16 2569 17 2640 J
112 2561 216 2644 gisnes
232 2566 350 2650 nostri,
367 2583 503 2647 quorum
520 2563 652 2632 nomina
668 2563 727 2632 heo
743 2570 838 2630 sunt:
864 2564 940 2648 Meg
958 2563 1083 2652 Comes,
1099 2563 1228 2652 Nycho·

16 2659 17 2674 ¹
111 2669 174 2737 laus
190 2669 320 2760 Comes,
333 2673 496 2740 Martinus
514 2671 641 2758 Comes,
659 2673 723 2739 Ata
734 2673 859 2757 Comes,
870 2672 990 2739 Oreseu
1009 2671 1137 2758 (lomes3
1154 2673 1229 2741 Gra·

16 2825 19 2838 .
110 2797 163 2846 sun
179 2803 255 2850 rero
272 2779 458 2851 comesset
474 2781 650 2870 pristaldos
667 2781 810 2851 eiusdem
827 2782 883 2850 rei.
901 2781 1020 2850 Datum
1039 2803 1096 2869 per
1113 2801 1229 2852 munus

16 2907 18 2932 ι’
113 2883 217 2956 Juoobi
241 2891 408 2977 Propositi
424 2889 573 2976 Magistri
596 2893 700 2960 nostri
716 2897 749 2958 et
765 2891 968 2959 Cancellarii.

221 3091 388 3156 (Tiralcsics,
406 3092 531 3145 Modum.
551 3092 619 3144 hist.
637 3091 728 3159 Epioe.
748 3089 864 3158 Zagrab.
885 3091 908 3142 1.
929 3091 988 3142 lrdt.
1013 3095 1052 3142 10.
1074 3091 1104 3155 l.)

536 3381 802 3395 m—

643 3913 697 4000 dt.

16 4093 18 4098 V
116 4119 277 4196 Bebeborob
292 4119 433 4217 Ropousa
449 4125 621 4196 dalmatini
635 4133 668 4195 ds
692 4127 775 4193 Bari
801 4127 964 4195 oloszbom'
987 4123 1120 4194 suroreb
1150 4121 1233 4192 boet.

627 4236 721 4304 1201.

212 4423 281 4504 Nos
299 4435 527 4523 Gurganosdc
559 4436 696 4504 Oortisio
727 4431 937 4503 Justioiarius
966 4430 1134 4513 Berensis,
1166 4429 1231 4499 Leo

116 4533 274 4610 Mancinus
293 4543 486 4612 Barensium
503 4541 620 4630 ludex,
637 4543 796 4630 Rogerius
814 4541 914 4608 bladii
926 4539 1233 4621 Ammirstusdiius,

17 4665 33 4714 f
118 4657 145 4712 et
157 4641 219 4718 Leo
235 4649 350 4718 Utoius
366 4654 455 4720 ciues
471 4651 558 4736 Bari,
576 4651 744 4720 uoluntate
761 4655 792 4716 et
808 4647 962 4718 mandato
993 4644 1136 4713 omnium
1171 4645 1232 4710 Bo·

16 4841 18 4868 ι
119 4758 260 4852 seusium,
278 4760 472 4829 lursmarin
490 4761 759 4850 animaipsorom
778 4765 809 4825 et
826 4763 934 4826 nostra
961 4753 1003 4824 ad
1036 4755 1138 4823 Sacra
1169 4752 1230 4820 Dei
