3182 5200
751 400 913 502 ..ἒὲθὲ-
933 491 937 496 ,

254 597 594 680 ’ᾱιιοτιιιιιὴοωίηαη
610 593 762 664 videlicet
779 596 957 684 Velioclay,
986 604 1017 664 et
1048 595 1239 663 cnudicelai
1271 597 1393 664 stetini

175 713 178 720 ’
206 741 209 746 -
270 704 351 790 eins,
368 705 422 790 qui
438 705 532 772 nobis
549 713 581 771 et
596 703 659 771 soli
675 704 766 771 Bane
785 726 805 772 a
822 704 1084 791 progenitoribus
1094 705 1162 774 suis
1174 706 1299 772 seruire
1309 712 1399 771 tenc·

2 780 13 860 f·
38 849 49 904 ιΙ
160 861 161 864 ,
203 909 205 912 Ι
269 813 399 899 bantur,
417 818 461 896 ut,
479 813 512 878 in
528 832 592 896 quo
608 813 703 880 nobis
720 814 772 880 vel
790 814 883 880 Bano
899 812 1095 895 sarriebant,
1112 819 1179 878 tam
1195 813 1270 900 ipsi,
1296 832 1395 896 qnam

154 929 157 934 '
267 921 309 986 ab
325 920 407 1004 ipsis
424 917 658 986 descendentes
674 920 736 986 soli
754 919 874 986 Domui
890 919 1018 1002 Templi
1035 939 1107 985 cnm
1134 921 1203 986 suis
1233 922 1332 988 terris
1365 930 1397 988 ct

269 1025 481 1112 pertinenciis
499 1027 532 1092 in
549 1035 741 1112 perpetuum
760 1029 884 1094 seruire
901 1034 1083 1096 tencantur.
1114 1027 1156 1092 Vt
1172 1027 1272 1111 igitur
1304 1029 1344 1096 he
1376 1051 1397 1096 a

200 1133 204 1141 “
258 1133 358 1201 nobis
374 1131 460 1200 facte
478 1132 688 1218 donaciones,
704 1133 931 1201 eoncessiones
947 1143 979 1201 et
1003 1133 1268 1204 confirmaciones
1295 1137 1398 1204 nullis

268 1262 409 1327 vnquam
425 1241 626 1326 temporibus
639 1242 773 1309 valeant
790 1242 945 1326 reuocari,
966 1250 1150 1327 presentem
1168 1245 1324 1330 paginam
1351 1247 1393 1312 si·

250 1348 338 1431 -gilli
354 1348 456 1415 nostri
471 1349 587 1416 robore
603 1346 738 1418 lecimus
755 1350 953 1417 communiri.
979 1349 1101 1416 Datum
1117 1371 1174 1435 per
1190 1371 1306 1419 manns
1324 1354 1394 1420 Ma·

179 1539 180 1542 Ἴ
265 1455 361 1540 gistri
378 1456 501 1522 Thomc
517 1455 769 1539 Vesprimiensis
785 1458 948 1542 Propositi
965 1467 998 1525 ct
1015 1459 1089 1525 aulo
1106 1460 1205 1544 Regis
1223 1459 1394 1526 Cancella·

264 1563 303 1652 rij
321 1582 408 1628 anno
425 1563 467 1628 ab
484 1563 716 1631 Incarnaoione
741 1565 872 1633 Domini
899 1565 1077 1632 M⁰OC⁰Xe
1118 1567 1308 1634 Venerabili
1339 1568 1394 1633 Jo-

264 1669 372 1739 hsnne
388 1670 604 1754 Strigoniensi
621 1672 885 1758 Archiepiscopo,
917 1674 1110 1741 Reuerendo
1127 1674 1280 1740 Bertoldo
1297 1671 1394 1743 Golo-

264 1778 352 1847 censi
369 1779 482 1844 Electa
500 1785 531 1846 et
547 1779 638 1845 Bano
655 1779 878 1862 existentibus,
895 1780 1020 1847 Caleno
1037 1781 1392 1866 Quinqneocclcsiensi‚

264 1885 415 1952 Bolcnlao
433 1887 597 1971 Vaoiensi,
629 1884 798 1972 catapano
815 1889 975 1973 Agriensi,
1008 1889 1139 1956 Simone
1169 1887 1391 1977 waradiensi,

263 1991 434 2061 Desiderio
452 1993 678 2079 Chenadiensi,
697 1995 864 2063 Willermo
881 1995 1112 2084 Transilnano,
1143 1995 1311 2065 Gothardo
1327 1999 1389 2065 Za·

264 2101 439 2188 grabiensi,
471 2100 567 2168 Petro
594 2099 768 2187 Janricnsi,
787 2103 927 2170 Robcrto
955 2101 1200 2192 vesprimiensi,
1226 2106 1393 2174 Ecclesiae

264 2211 325 2276 Dei
353 2208 495 2276 feliciter
525 2207 803 2294 gubernantibus3
837 2209 919 2277 Poth
944 2209 1098 2277 Palatino
1130 2218 1162 2276 et
1192 2213 1393 2281 Musuniensi

9 2286 31 2390 f
67 2295 78 2388 “,
182 2409 185 2414 .
217 2305 218 2310 ¹
252 2314 400 2403 Gemite,
418 2313 576 2382 Michaele
592 2316 785 2401 Woyouoda
802 2317 1035 2401 existentibus,
1053 2318 1149 2384 Petro
1166 2317 1342 2384 Bachicnsi
1360 2328 1393 2386 ct

264 2423 389 2491 curiali
405 2422 530 2491 Gemite
546 2425 678 2509 Regino,
696 2423 831 2492 Nicolao
849 2424 1047 2511 Keweyensi
1064 2431 1095 2491 ct
1111 2424 1236 2492 Corioli
1253 2423 1387 2510 comite,

263 2531 338 2614 Mog
369 2529 560 2598 Posoniensi
594 2531 773 2598 Comitatus
816 2531 1012 2616 tenentibus,
1047 2533 1152 2615 Regni
1177 2535 1279 2601 nostri
1304 2553 1392 2600 anno

262 2647 366 2704 sexto.

249 2835 321 2896 ·(IV.
342 2835 441 2885 Laszlo
461 2837 612 2899 kirtlynslr
634 2841 708 2888 12⁷2.
729 2838 901 2902 megerosltc
921 2839 1174 2903 privilegiumtbol
1193 2853 1210 2890 a
1230 2840 1315 2890 bonai
1336 2841 1389 2890 kir.

650 2927 780 2976 kamarai
798 2926 993 2990 levsltrlrban.)

693 3215 958 3223 ——-..—-.-.—..—

796 3747 849 3812 67.

258 3943 302 4007 II.
320 3942 429 4006 Endos
444 3943 553 4028 tirslp
578 3944 766 4030 tanopc'lyes
781 3947 1060 4030 privitcpiarmmol
1086 3952 1272 4036 sicyoniam-i
1297 3972 1315 4010 c
1344 3960 1389 4014 to·

404 4051 531 4134 paskac‘
546 4055 686 4138 opdtsdp
695 4055 810 4136 joooit
827 4055 859 4119 e's
876 4055 1112 4143 sacbndsa'pait.
1133 4057 1228 4119 1211.

364 4245 403 4312 In
439 4247 569 4313 nomine
608 4247 726 4314 Sancte
762 4247 936 4315 Trinitatis
968 4260 999 4316 ct
1028 4251 1201 4318 individue
1231 4253 1387 4321 Unitatis.

262 4353 410 4422 Andreas
435 4353 495 4420 Dei
523 4353 635 4438 gracia
667 4353 841 4440 Hungarie,
874 4356 1053 4442 Dalmatio,
1079 4357 1244 4430 Crovaoie.
1272 4361 1387 4446 Ranae,

274 4460 398 4538 Servic,
416 4461 550 4546 Gallcic,
566 4460 756 4528 Lodomerie
768 4463 839 4529 Rex
856 4465 888 4528 in
905 4476 1105 4550 perpetuum.
1126 4469 1215 4535 Licet
1232 4469 1388 4538 Christia-

266 4566 390 4631 mssimi
409 4569 523 4652 Reges,
542 4577 767 4637 antecessores
784 4571 895 4650 nostri,
915 4573 970 4656 qni
987 4581 1098 4640 sancte
1115 4576 1280 4659 religionis
1299 4579 1389 4644 cultn

244 4674 446 4741 *victoriosos
464 4675 534 4741 dies
552 4695 626 4742 suos
644 4675 783 4744 feliciter
804 4680 1035 4768 instruxerunt,
1053 4685 1146 4748 nobis
1161 4681 1325 4752 sufficiant
1342 4685 1387 4752 sd
