3184 5186
805 307 965 408 gon-

320 509 397 575 licet
427 505 613 592 causaliter,
645 506 696 574 vel
728 502 812 572 alias
843 503 885 571 ad
918 523 976 572 nos
1008 503 1107 572 fucrit
1123 502 1296 590 proiectus.
1315 506 1394 575 ltem
1412 508 1449 574 iu

320 613 504 686 Turdosina
518 614 560 684 dc
574 633 684 701 panno
700 614 837 699 integro,
853 611 894 680 de
909 615 989 700 sale,
1006 617 1039 680 ct
1054 611 1095 678 dc
1118 613 1262 698 plumbo,
1279 619 1312 680 et
1326 635 1388 682 non
1407 615 1452 684 de

321 725 398 793 aliis
429 725 536 805 rebus,
561 721 649 806 quod
680 719 871 790 debuissent
886 721 1014 789 soluere
1033 720 1210 806 tributum
1235 721 1282 790 eis
1299 721 1452 792 duximus

320 829 570 899 misericorditer
586 828 831 915 indulgendum,
849 836 883 896 nt
897 828 940 896 dc
955 827 1086 897 sarcina
1102 829 1197 898 nnius
1215 830 1289 915 equi
1319 832 1453 901 solnerc

319 938 461 1006 debeant
491 946 556 1006 tres
590 958 693 1007 nouos
725 937 877 1006 denarios
909 945 942 1005 ct
958 955 1017 1004 sex
1032 942 1218 1026 stateres,et
1232 957 1298 1006 non
1313 939 1355 1010 de
1370 940 1449 1008 aliis

321 1047 428 1136 rebus,
446 1047 504 1115 sed
519 1047 561 1117 de
578 1049 675 1116 rebus
691 1065 792 1133 snpra
808 1046 915 1115 dictis.
930 1047 1010 1114 Item
1026 1045 1232 1132 permisimus
1247 1067 1303 1116 eoa
1332 1049 1449 1117 venari

320 1175 415 1224 omne
446 1175 552 1242 genus
584 1154 737 1245 serarum,
770 1175 842 1222 cum
873 1153 1022 1222 omnibus
1052 1153 1180 1237 laqueis
1195 1161 1229 1221 et
1244 1153 1396 1243 ingeniis,
1412 1155 1450 1224 in

320 1263 415 1332 siluis
431 1283 453 1330 a
468 1261 566 1332 fluuio
581 1263 715 1349 Prosci,
731 1282 833 1348 usque
848 1261 982 1348 Scepus,
1000 1267 1034 1328 et
1048 1260 1197 1328 similiter
1211 1261 1245 1328 in
1276 1261 1452 1350 Dujanecb

320 1389 422 1455 usquc
450 1370 610 1439 Polonian
626 1371 720 1439 modo
736 1369 934 1456 supradicto.
960 1368 1040 1438 Item
1056 1368 1142 1436 inter
1156 1370 1306 1456 Lippam,
1324 1378 1355 1439 et
1372 1371 1451 1439 Ber-

322 1479 408 1546 cbnn
438 1477 546 1566 posita
578 1487 654 1547 sunt
683 1479 782 1564 signa
811 1498 871 1565 per
901 1478 1053 1561 Comites,
1084 1498 1187 1563 usqne
1217 1498 1311 1563 quem
1343 1481 1449 1546 locum

322 1587 432 1654 venari
474 1585 711 1674 permittuntur.
753 1589 833 1654 ltcm
865 1587 1086 1672 provinciales
1116 1586 1314 1655 constituent
1344 1607 1447 1654 nnnm

322 1694 494 1780 bominem,
512 1712 607 1777 quem
623 1695 752 1784 volent,
776 1703 809 1762 et
825 1695 940 1763 Comes
966 1693 1076 1780 alium,
1109 1695 1164 1780 qni
1195 1696 1304 1761 omnia
1334 1693 1448 1762 debita

324 1823 434 1870 eornm
451 1801 571 1888 exiget,
603 1809 636 1870 et
652 1801 767 1870 Comiti
792 1808 924 1889 statuet,
941 1802 975 1868 in
991 1800 1135 1870 terminis
1151 1801 1347 1868 constitutis.
1364 1801 1449 1868 Item

319 1931 392 1978 cnm
408 1930 537 1978 currum
554 1908 619 1978 leni
651 1910 693 1977 de
722 1908 864 1995 qualibet
894 1909 1063 1978 mansione
1093 1909 1180 1976 omni
1211 1929 1297 1979 auno
1329 1909 1449 1978 Gcmiti

319 2018 398 2087 darc
429 2017 609 2098 debuerint,
644 2018 862 2086 relaxanimus
894 2018 1029 2105 eisdem,
1061 2025 1192 2087 utnon
1221 2018 1265 2085 (le
1296 2018 1446 2106 qnalibet

319 2129 500 2214 mansione,
516 2127 626 2216 cedde
636 2127 782 2211 quolibet
797 2131 906 2194 aratro
923 2145 996 2194 cnm
1012 2145 1118 2194 auena
1133 2126 1281 2212 superius
1297 2127 1443 2195 nomina·

320 2245 364 2321 ta,
381 2254 483 2318 nsque
500 2234 618 2306 festum
634 2235 745 2303 Sancti
761 2233 892 2301 Martini
918 2232 998 2300 darc
1025 2232 1175 2320 debcant,
1200 2233 1290 2320 cpnrl
1321 2234 1444 2301 cunam

319 2341 515 2412 comitalem.
539 2338 622 2408 Item
646 2341 784 2408 liberam
816 2341 864 2409 eis
895 2339 1042 2408 dedimus
1073 2339 1264 2409 facultatem
1279 2341 1445 2410 vendendi

318 2467 417 2532 equos
449 2468 524 2517 suos
554 2448 799 2536 quibuscunque
818 2449 989 2535 voluerint,
1017 2456 1222 2535 preterquam
1240 2448 1284 2516 acl
1299 2449 1442 2518 'l'beuto-

318 2554 405 2623 niam
444 2563 476 2622 et
501 2555 700 2624 Bobcmiam.
742 2558 890 2625 Oeternm
921 2557 1139 2625 concessimus
1169 2556 1227 2646 eis,
1259 2558 1446 2642 quicunque

317 2681 359 2730 ex
375 2661 497 2730 eisdem
508 2663 635 2750 populis
646 2665 767 2731 nostris
779 2663 1002 2750 jobagionem
1019 2685 1078 2732 seu
1093 2663 1278 2751 sedlerinm,
1296 2666 1340 2734 dc
1354 2667 1446 2733 Polo·

318 2770 384 2858 nia,
415 2770 467 2838 vel
499 2771 541 2837 de
572 2771 649 2857 aliJs
678 2771 772 2841 terris
790 2772 833 2840 ad
852 2791 889 2841 se
904 2772 1065 2858 duxerint,
1081 2792 1141 2840 nec
1157 2772 1228 2857 ipse
1243 2773 1376 2842 racione
1391 2776 1441 2844 sni

317 2877 460 2966 sedlerij,
501 2897 562 2946 nec
598 2877 744 2964 jobagiq
780 2879 873 2948 nobis
906 2880 957 2948 vel
989 2880 1106 2949 (lomiti
1137 2899 1197 2949 suo
1225 2881 1360 2968 seruire,
1392 2884 1442 2952 vel

319 2985 462 3053 debitum
478 2987 603 3054 soluere
619 2993 776 3054 taceatur.
793 2987 831 3053 In
848 2987 939 3056 coins
956 2988 1004 3057 rei
1035 2993 1225 3075 perpetuam
1256 2987 1446 3059 firmitatem

317 3101 484 3177 presentes
502 3093 628 3162 litteras
638 3093 716 3162 dore
727 3093 863 3164 lecimus
873 3093 1015 3182 duplicis
1031 3095 1133 3180 sigilli
1149 3097 1251 3164 nostri
1267 3096 1447 3165 munimine

317 3203 496 3270 roboratas.
524 3201 645 3269 Datum
661 3221 746 3268 anno
768 3203 898 3269 Domini
914 3202 1087 3270 millesimo
1103 3203 1325 3271 ducentesimo
1352 3223 1446 3272 sexa-

319 3309 444 3392 gesimo
460 3307 572 3394 pn‘mo,
589 3307 698 3377 idibus
714 3311 865 3400 Augusti,
897 3311 1000 3396 Regni
1018 3318 1125 3381 autern
1141 3313 1242 3381 nostri
1258 3331 1345 3380 anno
1362 3312 1447 3380 vice·

318 3415 400 3483 simo
416 3421 520 3484 sexto.
759 3425 767 3438 '

425 3613 526 3674 (noun
538 3615 688 3681 acoenyr
701 3602 925 3671 boemiensem
939 3619 1195 3686 qutsmcnyooon
1216 3620 1352 3688 cyrum)
