3116 5186
7 3825 10 3876 Ι

7 3881 15 4046 t

7 4241 11 4370 r

554 281 709 386 ..ff-

7 531 8 564 5
86 478 218 564 gratuita
242 478 438 563 qnandoque
456 479 615 563 gessimus
631 498 709 562 erga
724 499 792 562 vos,
809 482 892 544 siout
907 485 1015 546 vestra
1042 473 1193 544 diseretio

85 587 185 654 melius
209 587 324 672 poterit
350 578 535 670 agnosoer'e
566 582 673 662 Quum
691 574 849 652 memores
866 585 945 652 estis
972 585 1133 652 oredimus
1158 583 1197 650 ds

7 705 9 720 ¹
85 716 198 780 guerra,
223 714 285 779 que
300 696 386 761 inter
402 715 461 761 nos
479 703 546 760 erat
564 694 691 777 quidem
719 700 751 759 et
767 693 924 766 Comitem
941 696 1083 776 Petrum,
1100 712 1194 776 quem

86 803 175 870 nichil
201 805 240 869 de
256 805 351 870 rebus
368 805 485 869 vestris
504 821 587 887 pene
613 823 672 868 nos
698 802 818 870 habere
834 803 1005 881 voluimus,
1023 801 1120 867 immo
1148 799 1195 864 di-

7 895 9 980 ξ
86 913 177 978 ximus
203 916 234 978 et
250 917 360 977 notum
386 909 477 976 vobis
503 910 650 995 feoimus,
675 916 712 976 ut
737 909 846 976 omnia
862 929 1051 992 quecunque
1076 913 1194 991 vestra,

85 1027 247 1102 quoerant
271 1018 440 1085 ininsulis
465 1017 545 1083 etin
571 1016 640 1084 eius
656 1016 817 1103 districtu,
845 1018 940 1084 salva
968 1025 1078 1083 essent
1107 1012 1194 1099 apud

7 1127 9 1188 t
84 1147 143 1193 nos.
173 1126 257 1206 Quia
273 1125 405 1193 inimioo
422 1133 533 1193 nostro
552 1127 776 1210 prenominato
794 1125 918 1192 Comite
933 1127 1028 1193 Petro
1046 1125 1079 1189 in
1096 1123 1196 1191 omni·

7 1235 9 1252 ¹
82 1236 140 1317 bus,
162 1233 383 1318 quodnamque
417 1233 581 1318 potuimus
613 1233 784 1320 offendere,
812 1233 896 1300 nulli
921 1253 1093 1318 pareamus
1124 1232 1197 1298 abs·

83 1363 134 1426 qne
157 1341 250 1409 rebus
276 1341 404 1409 vestris.
437 1342 479 1406 Idt
505 1340 533 1408 si
559 1340 679 1425 aliquis
712 1341 752 1407 de
784 1341 982 1408 nostratibus
1007 1341 1198 1423 ignoranter

82 1449 224 1536 fecerunt,
241 1457 274 1516 et
291 1449 446 1516 derebus
463 1450 582 1516 vestris
605 1458 809 1537 aeceperunt,
821 1452 931 1516 statim
947 1449 1056 1514 omnia
1071 1449 1196 1531 integre

82 1556 118 1626 ad
140 1578 194 1625 vos
221 1557 424 1624 rediderunt.
448 1556 514 1624 Sed
532 1578 589 1625 vos
604 1557 637 1622 in
655 1557 768 1625 eodem
787 1557 947 1644 medoen,
975 1577 1036 1641 que
1062 1556 1156 1622 nobis
1180 1575 1201 1620 a

85 1664 269 1733 vestratibus
289 1672 364 1732 sunt
380 1665 501 1750 ablata,
518 1665 611 1732 reddi
627 1665 761 1732 feois'tis.
795 1664 845 1731 De
862 1665 923 1733 hoo
951 1663 1036 1748 qnod
1062 1661 1199 1746 queritis

82 1792 127 1839 res
148 1775 246 1840 vestri
276 1773 403 1840 inimioi
417 1775 527 1858 Regis,
548 1773 633 1856 qnod
661 1772 779 1840 ootidie
804 1773 1034 1856 vosinsidiat,
1063 1768 1198 1836 multum

84 1879 263 1968 gaudemus,
293 1879 321 1948 si
346 1883 496 1948 resistere
525 1882 585 1948 sibi
606 1880 761 1967 poteritis.
784 1881 963 1966 Propterea
987 1877 1031 1946 ad
1051 1878 1198 1962 benigni·

82 1994 171 2053 tatem
206 1997 350 2056 vestram
386 1989 550 2082 dominum
577 1989 757 2056 Johannem
799 1988 945 2056 Judioem
986 2007 1058 2052 eum
1085 1987 1199 2052 eodem

82 2094 198 2164 domino
225 2098 372 2182 Gazette,
398 2099 449 2164 eui
475 2103 551 2164 sunt
574 2116 626 2164 res
653 2099 770 2176 ablate,
796 2098 921 2164 mittam
948 2115 1080 2180 rogans,
1108 2093 1197 2176 quod

83 2223 130 2269 eas
155 2207 296 2290 benigne
320 2206 514 2292 resipientes
537 2205 598 2293 his,
614 2225 676 2289 que
702 2205 853 2293 dixerint,
879 2204 975 2271 tidem
1002 2202 1197 2269 adhibeatis.

80 2311 192 2380 Nosoat
216 2314 320 2398 igitur
336 2321 447 2381 vestra
462 2313 646 2399 prudentia,
664 2312 749 2398 qnod
774 2316 802 2382 si
818 2333 932 2401 preoes
948 2321 1079 2380 nostras
1106 2330 1204 2378 exau·

82 2420 216 2490 direritis
230 2423 266 2488 in
284 2423 347 2490 hao
364 2430 468 2512 parte,
495 2429 622 2490 vestras
638 2422 844 2489 admittemus
861 2427 1007 2507 tempore
1034 2426 1201 2506 oportuno.

176 2531 342 2599 Kivdl:
367 2533 508 2599 Domino
532 2531 675 2599 Johanni
692 2531 851 2616 Dandum,
875 2529 1000 2614 Oomiti,
1026 2527 1197 2598 Judioibus

81 2641 108 2702 et
121 2637 331 2706 Consiliariis.

175 2835 321 2898 (Eredetie
339 2835 515 2903 bdrhsrtytn
535 2854 552 2890 a
570 2836 646 2890 btosi
660 2838 783 2890 moneri
796 2838 884 2890 titlros
895 2837 1096 2906 lsvdltarisun.)¹

502 3129 770 3141 m

599 3665 674 3734 194.

264 3867 412 3954 Royuzai
428 3875 579 3931 statutum
596 3889 616 3929 o
623 3867 781 3951 ftnnyttzds
797 3839 1007 3932 ettanss1235.

178 4062 273 4129 Anno
289 4061 534 4129 Inoarnaoionis
550 4062 680 4130 Domini
697 4063 869 4129 millesimo
896 4062 1117 4128 ducentesimo
1144 4061 1196 4128 tri·

82 4168 193 4248 gesimo
210 4170 334 4257 quinto,
354 4170 612 4257 mensis·Aprilis
629 4172 868 4238 tertiodecimo
896 4171 949 4237 die
974 4171 1127 4238 intrante.
1159 4170 1197 4234 In

83 4271 217 4343 Consilio
235 4279 338 4346 Parvo
356 4287 388 4346 et
405 4279 524 4363 Magno
541 4300 628 4347 moro
644 4279 741 4347 solito
769 4279 841 4368 per}
852 4275 1195 4366 campanam”‡ooadn·

83 4390 159 4471 nato,
176 4393 207 4452 et
223 4386 372 4455 ordinata
389 4387 487 4455 Curia
504 4409 574 4454 oum
592 4391 698 4454 sonitu
716 4409 873 4474 compone
889 4388 921 4453 in
939 4389 1067 4474 purblieo
1084 4386 1154 4454 suro
1177 4407 1197 4452 a

7 4517 9 4576 i

84 4487 165 4558 Petro
183 4496 223 4561 de
238 4496 412 4563 Bellislavn
432 4495 628 4563 Vioeoornite
645 4499 795 4582 Ragusij‚
812 4504 844 4563 ot
859 4519 878 4562 a
891 4493 911 4563 J
915 4495 1058 4562 udioibus
1069 4507 1101 4562 ot
1113 4495 1195 4561 Gon·

7 4609 9 4688 ξ
84 4596 205 4687 siliarijs
223 4603 263 4668 de
280 4604 386 4672 Parvo
404 4613 435 4670 et
452 4606 570 4689 niagno
588 4606 737 4692 Consilio,
757 4615 789 4672 ot
805 4627 824 4671 a
840 4606 964 4691 Populo
981 4605 1117 4692 Ragusij
1130 4611 1195 4670 sta-

7 4731 14 5005 ἶ
