3160 5208
29 553 30 598 1
86 539 135 624 gni
148 535 306 606 eommodo
323 538 437 604 mortis
453 535 600 622 perieulo
618 555 781 621 exponere
797 534 1024 602 formidarunt.
1042 533 1124 602 Indo
1135 542 1213 626 estr

88 645 162 730 qnod
175 643 396 711 munidoeneie
411 642 545 728 Regalis
562 641 761 730 inmensitus
786 641 868 733 lieet·
888 641 991 708 eoium
1021 640 1065 708 ed
1094 647 1203 712 extru-

86 772 154 817 neos
168 753 247 820 bone
269 750 572 819 oommendsoionis
598 747 779 836 degrenoiu
804 747 941 816 diffundi
965 747 1105 831 debeat3
1128 751 1216 835 ple·-

30 935 31 938 ,
85 859 148 926 nius
160 861 265 924 lemen
282 862 317 924 et
333 859 526 943 propensius
543 855 708 941 largiendi
724 876 855 923 menum
872 854 970 922 debet
993 853 1062 922 illis
1093 857 1193 941 porri·
1235 853 1241 866 “
1346 897 1349 904 -

88 984 162 1052 gere,
177 984 309 1048 quorum
326 964 501 1050 probitatis
516 963 757 1049 experientium
775 983 833 1048 per
849 961 1034 1029 diuturnam
1060 962 1198 1032 fidelite-

29 1091 30 1106 2
87 1071 122 1139 tie
143 1071 360 1139 eonstsnoiem
385 1069 509 1157 didicit,
535 1079 568 1144 et
599 1089 723 1138 morum
756 1069 928 1137 honestato
958 1070 1209 1154 eomprobuuit„

29 1251 34 1268 ι
83 1176 162 1244 liano
177 1177 334 1262 siquidem
353 1182 387 1245 et
401 1197 463 1246 nos
477 1179 582 1261 Regio
597 1177 901 1262 eiroumspeooionis
922 1174 1108 1244 erudieione
1139 1179 1193 1245 oln

86 1290 247 1369 sementes,
278 1305 383 1373 prope
398 1284 605 1355 indesiduum
623 1291 655 1354 et
676 1284 865 1353 indesinens
893 1283 1080 1352 meritorum
1105 1289 1195 1356 obse

85 1394 187 1478 quium,
202 1394 290 1476 quod
307 1400 417 1461 noster
441 1394 547 1463 fidelis
575 1394 717 1462 Thomas
742 1392 861 1461 (lomes
877 1393 1044 1460 lleohsrei
1060 1392 1211 1464 Comitis·
1285 1455 1286 1458 ,

29 1485 31 1550 Ϊ
85 1500 372 1588 tilius,apri1nenis
388 1501 566 1570 iuuentutis
582 1521 641 1569 sue
665 1500 864 1589 temporibus
892 1501 935 1566 ad
962 1500 1067 1586 Regni
1090 1501 1209 1570 nostri.

29 1673 31 1694 k
84 1609 242 1692 proficuum
258 1616 291 1675 et
307 1608 463 1676 honorem
479 1627 607 1696 semper
622 1607 781 1692 exhibuit,
799 1615 832 1674 et
846 1609 989 1676 maxime
1005 1627 1105 1695 prope
1114 1618 1195 1678 stre·

29 1733 31 1806 ᾗ
83 1715 200 1782 unitatis
215 1735 320 1801 opere
336 1717 470 1804 eximia,
485 1716 602 1801 quibus
619 1734 747 1799 semper
773 1714 900 1802 sternit,
928 1735 1000 1782 oum
1024 1715 1109 1782 inter
1133 1739 1208 1785 nos-

29 1813 31 1900 ῥ
84 1822 319 1891 etHenerioum
338 1825 461 1910 Regem
477 1823 587 1890 inolito
611 1822 768 1890 memorie
793 1823 988 1906 multiplices
1013 1822 1196 1892 aduersita-

29 1925 31 1980 ῑ
84 1935 139 1994 tun
161 1928 394 2001 fluetueoiones
421 1937 644 2015 emergerent;
669 1929 726 2015 qui
757 1947 817 1998 neo
848 1929 987 1997 oereeris
1020 1949 1211 2014 erumpnas
1342 2003 1346 2014 ,

29 2049 31 2136 ;
86 2035 227 2104 sustinere
244 2057 302 2122 pro
319 2037 416 2106 nobis
432 2037 578 2124 expauit,
598 2056 659 2104 neo
675 2037 795 2124 minus,
809 2056 870 2104 neo
884 2037 1028 2122 uulnere,
1054 2055 1113 2104 neo
1138 2037 1212 2103 eli·v
1283 2087 1288 2106 t

85 2144 157 2224 quod
170 2163 270 2226 genus
286 2145 413 2233 mortis,
429 2150 488 2212 ant
503 2146 649 2213 tuborum
677 2150 709 2210 et
735 2144 861 2210 uiarum
887 2143 975 2210 tedis
1000 2143 1198 2231 trepidauit;

29 2249 31 2272 '
87 2269 165 2332 quem
180 2250 281 2318 eeism
298 2252 335 2318 in
352 2251 492 2338 publiois
509 2258 542 2318 et
558 2252 695 2336 priuatis
706 2252 810 2334 Regni
820 2250 923 2318 nostri
935 2249 1205 2336 negooijsrirum·

29 2355 31 2434 ζ
86 2355 240 2424 diseretum
257 2367 290 2426 et
305 2361 492 2446 presidum,
510 2368 543 2427 et
557 2361 646 2426 omni
674 2379 798 2427 morum
831 2359 1001 2427 honestate
1032 2359 1206 2445 preditumr

29 2455 35 2544 l
87 2465 286 2546 cognorimus,
305 2476 340 2535 et
356 2467 484 2535 demum
503 2489 575 2535 eum
591 2469 626 2536 in
650 2467 752 2552 Regis
783 2469 907 2551 Regum
939 2467 1076 2552 uegooio
1108 2466 1196 2533 ultrs

29 2581 33 2662 ᾗ
87 2575 205 2640 marein
220 2573 404 2644 subsidium
421 2582 537 2642 saneto
554 2581 637 2641 terre
654 2575 827 2660 proseeturi
852 2577 886 2641 in
912 2573 1081 2660 prooinetu
1106 2593 1208 2642 esse-2

29 2665 33 2790 j
87 2679 293 2766 musitineris;
319 2702 417 2767 quem
433 2684 539 2749 eniam
554 2683 756 2766 sepediotum
773 2683 833 2749 Th.
867 2683 1023 2749 Comitem
1055 2689 1209 2767 postmo»

87 2781 199 2854 tunde
214 2790 437 2857 ultramarinis
455 2789 604 2878 pertibus
619 2788 664 2856 ed
689 2792 821 2877 proprie
850 2795 1032 2856 remeantes
1062 2788 1199 2872 quibus·
1267 2833 1269 2836 -

29 2883 31 2978 l
89 2890 149 2958 tlon
164 2917 254 2979 quum
270 2899 424 2983 plurimis
440 2917 564 2965 uesano
581 2897 687 2965 duetis
713 2898 853 2967 oonsilio
877 2899 1025 2980 Regnum
1048 2903 1207 2964 nostrum

29 2987 31 3094 l
87 2995 223 3070 hostiliter
238 3004 465 3088 affligentibus
480 3007 515 3072 in
531 3005 631 3072 sollte
646 3011 679 3071 et
695 3003 808 3073 debite
825 3004 1005 3072 inuenimus
1032 3003 1197 3072 fidelitate

92 3115 254 3178 mustunter
268 3132 510 3198 perseuerasse.
548 3111 670 3180 Intuitu
687 3113 786 3197 igitur
800 3111 969 3183 fidelitatis
985 3119 1019 3178 et
1041 3112 1209 3180 seruioiov

29 3203 31 3290 ξ
89 3232 146 3280 rum
160 3218 267 3306 ipsius,
286 3223 482 3289 contulimus
499 3223 529 3287 ei
547 3222 713 3304 quendam
731 3227 848 3288 terrem
879 3221 1009 3288 nomine
1039 3219 1206 3286 Sounehe

29 3311 31 3394 ᾗ
89 3318 123 3383 ed
135 3323 366 3397 Besehiensem'
378 3328 573 3396 Comitatum
590 3331 818 3415 pertinentem,
835 3349 897 3415 que
912 3327 974 3396 luit
989 3335 1079 3395 terre
1104 3325 1209 3412 Vros.

29 3419 32 3510 J
90 3428 135 3508 qui
147 3431 211 3500 sine
224 3433 346 3504 herede
362 3435 535 3505 delunotus
553 3444 611 3519 est,
629 3437 727 3504 oertis
743 3438 837 3504 metis
853 3458 875 3503 e
893 3433 1210 3502 oireumiuoentibns·

29 3525 31 3600 Ῐ
90 3537 169 3604 terris
183 3561 221 3609 en
236 3545 325 3612 omni
341 3553 435 3632 perte
453 3545 650 3612 distinctum.
684 3544 795 3614 Prima
811 3552 897 3612 metu
913 3543 1027 3629 inoipit
1042 3544 1102 3611 sub
1117 3545 1211 3610 Ner--

29 3675 31 3682 >
91 3639 288 3719 dunehurustn
305 3671 378 3718 oum
394 3661 483 3718 terre
507 3655 631 3736 Deme;
657 3660 770 3737 postes
794 3651 933 3720 flectitur
957 3651 1002 3719 sd
1027 3651 1202 3720 meridiem

29 3819 31 3834 ,
91 3763 148 3816 lum
162 3761 241 3824 terre
255 3760 534 3848 wdwornioorum,
548 3767 580 3827 et
596 3746 689 3828 uadit
707 3759 750 3827 ed
765 3760 1009 3845 Wososlsereluy
1036 3779 1106 3826 oum
1133 3758 1211 3826 ele·-

95 3858 284 3948 notisnoti13
308 3877 340 3934 et
372 3866 449 3934 inde
473 3867 613 3934 fleetitur
644 3867 687 3933 sd
718 3866 917 3935 oooidentem
948 3887 1022 3934 oum
1053 3866 1200 3934 eleuatis

29 4005 31 4060 ;
95 3965 171 4034 nelis
185 3991 283 4059 usqne
297 3979 385 4042 niam
402 3995 557 4061 magnam
573 3993 639 4058 que
654 3974 747 4041 uadit
763 3974 807 4042 ed
821 3973 943 4062 Beeoh,
960 3982 992 4041 et
1007 3992 1106 4057 super
1121 3993 1189 4038 ma-

96 4081 272 4149 staurium
287 4082 427 4150 flectitur
443 4084 485 4149 ed
502 4083 783 4169 septemtrionem
806 4091 840 4150 et
856 4081 932 4151 inde
949 4081 1038 4149 uadit
1053 4079 1097 4147 sd
1113 4079 1209 4147 noel-1·

29 4205 30 4248 3
99 4173 203 4250 dentem
220 4205 291 4258 oum
308 4190 405 4258 metis
422 4191 560 4257 eleuatis
574 4191 667 4257 iuxtu
682 4197 824 4258 oestrum
840 4189 1005 4276 Sounohs,
1022 4187 1210 4253 etdesoon-

98 4280 136 4350 dit
147 4289 183 4356 ud
198 4295 288 4384 Vsoy,
307 4306 339 4364 et
355 4300 477 4366 transit
491 4298 579 4383 Vsoy
596 4296 640 4364 ud
656 4317 810 4381 magnum
825 4299 1002 4378 fossatum
1023 4295 1071 4361 ibi
1094 4293 1199 4361 intret

95 4387 124 4456 ln
136 4397 249 4492 siluam,
266 4413 298 4473 et
313 4405 404 4472 uadit
420 4405 453 4472 in
469 4404 556 4474 silus
573 4425 628 4490 per
646 4407 790 4472 eleuetas
806 4412 912 4472 metes
928 4421 1030 4488 usque
1046 4401 1089 4469 sd
1102 4400 1208 4468 Vros--

29 4501 50 4520 ⁷
97 4493 201 4594 fitery,
216 4518 245 4578 et
260 4513 306 4581 ibi
324 4524 374 4582 est
389 4515 547 4584 fossatum
566 4515 619 4582 nbi
640 4521 690 4580 est
705 4522 799 4601 metu,
816 4520 848 4581 et
856 4513 993 4580 flectitur
1003 4510 1046 4577 sd
1057 4517 1209 4595 septem·-

29 4651 31 4696 ;
106 4608 217 4684 trionem
230 4641 344 4690 uersus
360 4622 519 4706 Holmod;
542 4631 574 4690 et
590 4621 667 4688 inde
683 4622 821 4690 flectitur
836 4620 880 4690 ed
897 4620 1063 4706 orientem,
1083 4625 1115 4685 et
1139 4619 1211 4685 eir·-
