3184 5186
879 333 1039 433 Q..

396 537 489 620 parte
507 525 724 618 possessionis
741 525 834 608 0nd;
857 526 933 593 item
959 527 1124 594 iohannes
1155 527 1239 594 filius
1272 530 1360 597 Petri
1385 529 1522 614 jobagic

397 638 512 706 Jacohi
528 636 585 722 filij
602 636 721 720 Belus,
738 639 771 702 et
786 635 941 702 Nicolaus
956 635 1043 700 filius
1058 635 1225 702 Michaelis
1237 635 1277 704 de
1288 637 1398 704 Reche
1408 637 1442 702 in
1453 659 1524 723 per·

397 745 486 814 sonis
502 745 679 812 eorundem
695 764 717 809 a
732 749 824 828 parte
840 743 1056 826 possessionis
1071 743 1179 808 Reche
1188 741 1230 809 ab
1240 743 1407 810 creceione
1423 753 1524 810 mcta-

395 875 466 922 rum
482 851 629 938 predicte
644 849 862 935 possessionis
877 848 965 916 Varo
978 847 1220 934 prohibuissent
1235 851 1298 917 sth.
1325 849 1379 937 (aa
1412 849 1520 935 ekkep

394 960 596 1028 keletlrezett
612 977 680 1047 per,
696 958 860 1026 tdbbszllri
877 955 1076 1024 elhalasulds
1102 961 1182 1023 ulan
1215 959 1270 1024 »in
1301 957 1429 1024 octauis
1460 959 1523 1024 diei

397 1067 569 1136 Oinerum‹
587 1063 845 1154 ttrgyultatvhn)
861 1071 1034 1134 annotatus
1051 1065 1206 1134 Nicolaus
1231 1067 1320 1134 lilius
1345 1067 1436 1134 l'etri
1465 1087 1522 1151 pro

397 1175 524 1262 prelato
539 1175 674 1243 Nicolac
690 1173 758 1240 lilio
774 1173 934 1240 iohannis
961 1175 1023 1242 stb.
1054 1173 1212 1259 quasdam
1244 1175 1371 1242 litteras
1404 1174 1527 1240 domini

393 1283 472 1351 Bele
489 1283 568 1351 olim
584 1281 682 1368 Regis
699 1280 867 1365 Huugarie
882 1280 1109 1367 priuilegiales
1140 1301 1226 1346 anno
1259 1280 1392 1347 Domini
1424 1281 1526 1347 mille·
1589 1297 1591 1372 j

394 1392 476 1460 simo
493 1385 713 1460 ducentesimo
730 1390 936 1474 sexagesimo
952 1389 1052 1456 tercio
1069 1388 1174 1476 Regni
1184 1395 1291 1456 autem
1301 1389 1353 1458 sni
1362 1388 1525 1474 vigesimo

394 1507 510 1570 octauo
527 1505 696 1568 emanatas
711 1497 805 1565 nobis
824 1498 1032 1583 presentauit,
1051 1496 1258 1565 declarantes
1282 1498 1367 1567 inter
1394 1504 1525 1566 cetera:
1590 1585 1591 1588 Ἴ

394 1608 480 1693 quod
495 1608 580 1675 idem
598 1606 749 1675 dominus
764 1607 846 1673 Bela
860 1605 932 1673 Rex
946 1610 1066 1672 terram
1083 1606 1227 1692 Zomere,
1255 1606 1378 1692 (iubas,
1410 1607 1525 1672 Bench
1589 1617 1590 1630 ³

393 1725 427 1785 et
443 1717 545 1804 Myha
560 1715 602 1783 dc
617 1717 741 1782 Kamar
756 1716 798 1782 ab
815 1715 937 1783 eisdem
953 1715 1150 1801 recipiendo,
1182 1713 1363 1800 hospitibus
1378 1715 1449 1780 suis
1483 1715 1524 1781 de

397 1829 521 1896 Kamar
537 1827 667 1897 lenisset
692 1825 874 1912 assignari;
891 1826 990 1911 ijdcm
1007 1833 1115 1893 autem
1147 1828 1189 1893 ad
1220 1826 1365 1894 eiusdem
1396 1824 1525 1891 domini

395 1935 476 2003 Bele
493 1934 593 2020 Regis
609 1935 802 2003 accedentes
817 1934 1020 2018 presenciam
1036 1934 1069 1998 in
1086 1934 1311 2001 concambium
1329 1933 1414 2001 dicte
1435 1941 1524 1999 terre

395 2048 538 2130 ipsorum
555 2041 717 2126 quandam
735 2047 851 2108 terram
869 2040 976 2108 Oastri
1008 2039 1212 2108 Zaladiensis
1243 2041 1338 2127 Bilyc
1368 2049 1523 2108 vocatam

393 2157 434 2224 ab
451 2152 565 2221 eodem
582 2151 711 2220 domino
729 2151 808 2219 Bcla
822 2151 911 2236 Rege
926 2151 989 2218 sibi
1005 2150 1077 2216 dari
1093 2151 1279 2236 peciissent.
1318 2150 1360 2215 Et
1376 2150 1458 2233 quia
1485 2149 1526 2215 dc

395 2261 562 2347 quauitate
578 2260 665 2328 dicte
680 2267 765 2326 terre
781 2258 875 2344 Bilyc
893 2257 1022 2325 domino
1038 2258 1116 2325 Bele
1132 2258 1213 2341 Regi
1229 2259 1350 2326 veritas
1366 2278 1433 2324 non
1444 2279 1524 2325 con-

393 2371 548 2454 stitisset;
571 2368 645 2436 ideo
661 2367 782 2437 dilecto
797 2365 860 2432 sibi
876 2365 1034 2449 Magistro
1050 2365 1219 2432 Feliciano
1236 2364 1371 2434 Custodi
1400 2368 1524 2434 Alben-

393 2477 440 2544 sis
456 2475 601 2543 Ecclesie
617 2475 734 2542 litteris
751 2475 818 2541 suis
834 2471 1051 2540 mediantibus
1068 2471 1211 2541 dedisset
1227 2474 1261 2538 in
1277 2471 1455 2558 mandatis,
1490 2481 1526 2540 vt

394 2584 532 2652 eandem
546 2589 665 2651 terram
683 2581 778 2667 Bilye
794 2589 827 2648 ct
841 2587 961 2649 terram
976 2581 1086 2647 Veron
1103 2581 1287 2666 inspiceret,
1314 2589 1347 2646 et
1380 2581 1524 2666 qualita-

393 2702 454 2762 tem
474 2713 514 2761 ac
528 2692 743 2778 quantitatem
771 2689 946 2758 earundem
975 2691 1177 2776 postmodum
1208 2691 1271 2759 sibi
1303 2691 1526 2758 remandaret.

392 2801 481 2869 Idem
498 2802 607 2887 itaque
623 2793 778 2884 Magister
793 2798 977 2866 Felicianus
995 2799 1038 2864 ad
1055 2800 1186 2866 easdem
1202 2805 1307 2866 terras
1332 2799 1524 2866 accedendo

393 2912 483 2998 ipsas
499 2909 705 2978 circacircnm
733 2905 901 2972 duodecim
927 2914 1109 2973 aratrorum
1140 2907 1305 2972 mediante
1338 2907 1523 2974 considera-

394 3023 487 3086 cione
501 3019 716 3104 inspexisset3
733 3016 803 3101 ipse
820 3035 897 3082 sero
913 3014 1060 3082 dominus
1077 3015 1157 3082 Bela
1167 3018 1236 3082 Rex
1246 3015 1399 3100 precibus
1409 3034 1524 3080 eorum

392 3127 567 3213 inclinatus
583 3126 703 3191 dictam
718 3129 838 3190 terram
854 3123 950 3209 Bilyc
966 3142 1038 3190 cum
1056 3131 1142 3191 terra
1158 3123 1267 3189 Varou
1294 3122 1327 3188 in
1360 3123 1523 3207 premissa

392 3235 574 3318 quantitate
591 3231 828 3319 prenominatis
845 3232 989 3310 Mamers,
1007 3229 1120 3297 (iubas
1136 3238 1168 3296 ct
1184 3231 1259 3315 aliis
1274 3229 1448 3316 predictis,
1479 3249 1521 3294 ac

391 3363 500 3409 eorum
516 3341 690 3408 heredibus
705 3339 739 3405 in
756 3339 980 3406 concambium
998 3337 1088 3406 dicte·
1100 3346 1185 3406 terre
1201 3339 1342 3424 ipsorum
1376 3334 1525 3406 dedisset

396 3456 552 3537 perpetuo
569 3446 811 3535 possidendam.
835 3449 922 3515 Mete
949 3452 1057 3513 autem
1090 3445 1267 3512 earundem
1298 3451 1459 3511 terrarum
1491 3445 1524 3510 in

394 3559 507 3626 eodem
524 3556 693 3643 priuilegio
709 3555 855 3623 seriatim
872 3557 1076 3623 continentur
1092 3557 1153 3622 stb.
1187 3554 1309 3620 Datum
1341 3554 1375 3619 in
1404 3553 1525 3640 Vyase·

393 3668 475 3750 grad
492 3665 616 3732 decimo
634 3664 686 3731 die
711 3665 840 3731 termini
873 3663 1037 3750 prenotati
1070 3681 1155 3729 anno
1187 3661 1318 3728 Domini
1350 3661 1525 3729 millesimo

393 3771 617 3842 trecentesimo
632 3772 874 3857 septuagesimo
890 3772 1011 3856 quinto.

392 3973 530 4034 (Eredstie
549 3988 566 4024 a
585 3973 671 4023 budai
689 3971 741 4025 kir.
761 3971 890 4024 kamarai
912 3970 1098 4026 leubltatrban.
1129 3971 1161 4021 V.
1182 3970 1208 4020 ὃ.
1233 3967 1315 4032 ster
1346 3965 1415 4022 con.
1448 3967 1532 4037 nupt„

778 4063 841 4114 VII.
860 4064 919 4114 ket.
941 4068 964 4113 1.
977 4079 998 4113 r.
1019 4067 1080 4112 aaa.
1097 4061 1129 4123 1.)

823 4347 1090 4358 —n——u-——n—
