3160 5208
602 984 676 1053 188.

19 1197 20 1258 ᾗ
79 1180 134 1243 ΠΙ.
162 1181 330 1246 Honorius
356 1189 449 1269 papa
486 1187 667 1268 moperllsc‘ti
697 1209 718 1250 a
751 1185 896 1252 kalocsai
929 1187 1016 1252 ercelc
1047 1193 1201 1256 eadmero

19 1293 21 1376 ᾗ
81 1285 189 1373 Pompo
204 1289 354 1356 vdrclnok
369 1290 521 1372 hircanos,
536 1291 648 1376 malpel
665 1315 704 1357 oz
720 1317 742 1357 a
753 1296 936 1377 patarenok
962 1296 1057 1362 ellani
1083 1299 1201 1364 vilerces

19 1385 21 1396 ’
273 1395 443 1464 mitkb'dese
459 1397 657 1463 tekinecccez
673 1410 875 1486 mepezerzett.
893 1403 992 1470 1227.

72 1586 228 1654 tibiales,
246 1591 376 1644 Menum.
396 1595 460 1644 hist.
479 1595 571 1658 Epire.
592 1596 712 1660 Zegrsb.
730 1596 753 1645 Ι.
782 1597 841 1647 ket.
875 1600 917 1646 5⁷.
949 1600 968 1648 l.
997 1599 1031 1650 V.
1063 1603 1087 1650 ὅ.
1118 1599 1201 1664 Pejor

375 1681 439 1734 (lori
459 1683 535 1746 Dipl.
554 1684 605 1734 111.
626 1687 685 1735 ket.
702 1688 725 1732 2.
745 1701 767 1735 r,
791 1687 849 1736 100.
863 1687 893 1748 1.)

583 1971 614 1978 ..-
632 1971 682 1979 —-
723 1975 755 1980 --v

603 2500 676 2566 139.

77 2691 134 2756 III.
164 2693 334 2762 Honorius
363 2701 453 2782 pcipe
478 2700 653 2777 meposeiti
670 2723 691 2761 a
707 2701 870 2783 templomc'
885 2699 1028 2763 rmdnek
1044 2723 1197 2787 mappas-

438 2805 567 2888 orsza'pi
581 2804 722 2868 birlolrcil.
742 2805 837 2870 1227.

172 2997 341 3065 Honorius
356 2997 541 3083 Episcopus
558 3018 673 3065 seruus
689 3018 856 3066 seruorum
878 2999 939 3068 Dei
967 2999 1095 3066 dilectis
1120 3001 1198 3084 filijs

82 3104 301 3190 ...Magistro
319 3113 351 3170 et
366 3103 520 3171 iratribus
536 3105 660 3172 Domus
687 3105 802 3174 Militie
828 3107 957 3191 Templi
988 3108 1022 3172 in
1055 3104 1198 3189 Vngaris

29 3290 34 3301 .
80 3211 205 3279 salutem
221 3221 256 3280 el
272 3213 494 3298 Apostolioam
512 3212 779 3280 benedictionem.
808 3214 908 3281 Jnstis
925 3213 1101 3299 petentium
1113 3214 1199 3281 desi·

13 3323 15 3392 ζ
66 3317 167 3404 ,derijs
181 3319 318 3408 dignum
339 3331 388 3386 cst
403 3342 463 3388 nos
489 3319 619 3388 facilem
645 3322 781 3406 prebere
813 3340 1015 3406 consensum,
1046 3328 1079 3388 et
1110 3331 1197 3408 nota,

13 3405 15 3498 l
81 3443 168 3507 qnea
191 3429 329 3496 rationis
357 3430 486 3496 tramite
510 3449 574 3495 non
602 3429 803 3515 discordant,
837 3431 953 3498 ellectu
983 3437 1197 3514 prosequente

13 3527 15 3622 ᾗ
81 3535 242 3618 complere,
266 3537 460 3621 Eapropler,
480 3536 589 3602 dilecti
618 3538 650 3602 in
676 3537 817 3604 Domino
850 3536 922 3622 filij,
957 3538 1073 3604 uestris
1104 3539 1198 3604 iustis

13 3647 15 3716 ξ
81 3644 343 3724 postulationibus
360 3651 453 3727 grato
470 3651 699 3711 concurrentes
717 3663 864 3731 assensu,
892 3644 1031 3710 Domum
1063 3644 1104 3709 de
1130 3645 1197 3710 Luc

81 3767 140 3813 cum
157 3757 251 3833 portu
270 3760 302 3816 ot
320 3749 474 3835 piscarijs
493 3751 570 3833 suis,
585 3752 712 3818 Bessan
729 3759 761 3817 et
776 3752 855 3838 Kar,
872 3751 1045 3837 piscariam
1063 3753 1199 3838 Soroud,

13 3833 14 3902 3
81 3855 209 3939 werico,
224 3859 387 3938 Licenica‚
407 3857 547 3924 Odohila
573 3867 605 3926 et
631 3859 790 3926 Wodicha
822 3859 930 3944 villas,
963 3865 1066 3928 terres
1098 3863 1196 3928 etiarn

13 3957 15 3988 ⁷
82 3966 266 4049 carumdem,
285 3986 356 4031 enm
373 3967 523 4032 omnibns
549 3967 757 4052 pertinentijs
790 3968 867 4046 suis,
899 3965 984 4032 sicut
1014 3985 1070 4030 ees
1103 3967 1197 4048 iuste,

81 4075 225 4141 cononice
241 4079 274 4139 el
291 4073 428 4158 pacifice
443 4073 629 4160 possidetis,
648 4074 740 4141 nobis
756 4081 787 4138 ct
803 4092 860 4158 per
878 4093 936 4140 nos
952 4073 1070 4139 Domni
1090 4079 1198 4138 uestre

13 4161 15 4188 ²
81 4181 264 4248 anctoritate
279 4181 470 4263 Apostolics
486 4181 712 4248 confirmamus
729 4185 761 4248 et
777 4182 936 4266 presentis
952 4179 1065 4264 scripti
1090 4186 1199 4266 petro-

83 4284 156 4351 cinio
171 4286 413 4355 communimns.
453 4287 544 4355 Nulli
561 4308 640 4372 ergo
657 4290 788 4355 omnino
806 4287 969 4354 hominnm
987 4289 1085 4354 noent
1110 4288 1194 4356 hane

13 4469 15 4480 ἦ
82 4395 223 4476 paginam
239 4401 352 4461 nostre
369 4394 625 4464 confirmationis
640 4395 829 4479 intringere,
849 4395 901 4460 nel
919 4394 948 4458 ei
964 4413 1045 4460 ausu
1063 4399 1195 4462 temere-

82 4499 122 4564 rio
137 4503 303 4569 contraire.
327 4501 363 4568 Si
391 4504 466 4586 quis
497 4481 604 4571 antem
636 4504 697 4569 hoc
728 4508 924 4588 attemptare
956 4504 1199 4588 presumpserit,

82 4604 326 4692 indignationem
344 4609 583 4696 Omnipotentis
600 4611 672 4696 Dei,
688 4616 721 4678 et
737 4611 911 4678 Bessorum
928 4609 1017 4676 Petri
1048 4617 1080 4676 et
1105 4607 1199 4676 Psnli
