3182 5200
489 431 647 532 ,ιιι-

24 533 26 568 l

24 599 28 678 ἶ
45 639 141 695 metam
156 637 293 711 terream,
310 626 426 693 exinde
437 623 643 712 progreditur
660 625 880 692 iuxtaterram
897 621 1068 691 Hertcouis
1086 624 1130 690 ud

47 735 171 823 Bobius)
185 755 268 823 gora,
285 736 339 802 ubi
372 743 458 802 meta
475 733 566 802 faeta
582 741 632 800 ost
648 732 689 798 de
705 740 803 818 terro,
838 730 913 798 inde
930 730 1035 796 tendit
1067 732 1121 796 ubi

24 869 26 928 ι
49 843 148 928 Begord
162 840 242 908 cadit
256 842 289 908 in
304 842 464 930 Zelinam,
496 841 574 908 inde
591 841 708 906 transit
730 858 789 925 per
813 837 954 905 medium
969 837 1078 904 Zeline
1095 845 1127 904 et

47 949 118 1017 vadit
130 948 168 1016 ud
181 947 258 1017 duos
284 951 382 1034 piros,
400 948 455 1014 ubi
471 953 559 1013 meta
590 945 680 1012 lacta
696 953 744 1011 est
762 946 802 1011 de
818 953 915 1028 terro,
941 945 1016 1012 inde
1033 945 1124 1011 vadit

24 1039 89 1141 iper
100 1056 224 1123 medium
254 1055 418 1143 Clenoyze
435 1039 573 1122 elicuit
590 1051 634 1119 ad
650 1051 802 1136 Dumbro,
819 1056 854 1118 et
870 1049 947 1120 inde
963 1053 1129 1138 progredi-

24 1131 26 1254 l
44 1165 130 1230 turod
143 1185 265 1250 pervum
280 1164 426 1250 limitem,
444 1162 562 1229 deinde
580 1160 670 1226 vadit
686 1161 729 1227 ad
740 1159 965 1246 Obcmichinu,
982 1163 1035 1229 ubi
1053 1170 1130 1230 suut

24 1255 94 1362 {tres
112 1279 192 1360 mete,
209 1270 325 1339 deinde
350 1268 550 1356 protenditur
567 1277 599 1335 et
615 1268 703 1337 cadit
719 1267 752 1333 in
770 1267 914 1351 Glouioe,
933 1269 972 1334 do
990 1269 1126 1337 Glouice

24 1365 28 1436 l
43 1381 113 1447 rodit
126 1387 151 1446 et
173 1380 254 1447 osdit
269 1383 301 1445 in
319 1375 474 1465 Obernez,
505 1377 560 1443 nbi
577 1383 627 1442 est
643 1377 741 1442 arbor
756 1395 820 1458 que
836 1375 901 1442 clin
931 1385 1076 1465 vocatur,
1092 1385 1125 1445 et

24 1439 76 1606 {iti
88 1496 128 1556 est
154 1497 232 1554 meta
245 1495 364 1571 terreo,
381 1484 458 1551 iude
489 1484 695 1570 protenditur
709 1504 769 1568 per
800 1486 915 1551 silvam
933 1493 964 1552 ot
982 1485 1070 1554 vadit
1087 1489 1122 1554 in

24 1589 156 1736 f‘dessine,
179 1605 208 1661 et
222 1595 267 1661 ibi
283 1603 335 1660 cst
350 1595 413 1661 site
429 1595 604 1676 arborque
622 1593 739 1657 dicitur
755 1592 847 1678 brist,
864 1597 896 1659 et
913 1593 990 1659 inde
1005 1596 1124 1661 transit

41 1701 150 1769 drusius
178 1709 207 1770 et
237 1702 438 1788 protenditur
469 1701 512 1767 ad
543 1718 694 1785 quercum
726 1699 784 1764 ubi
815 1707 865 1765 est
896 1706 982 1768 meta
1014 1707 1131 1789 terrea,

44 1809 173 1874 indevero
187 1808 363 1875 recluditur
377 1809 412 1874 in
438 1807 665 1894 prenominato
692 1814 779 1874 meta
803 1806 962 1874 Prelistia.
1002 1806 1128 1886 Quibus

40 1917 167 1999 siquidem
194 1917 285 1985 metis
318 1919 480 1986 veraciter
494 1915 756 2002 circumscriptis,
788 1915 822 1981 in
839 1923 1042 2002 pretaxatam
1059 1938 1132 2002 pos·

38 2027 184 2092 sessionem
199 2026 263 2090 iam
282 2024 390 2092 dictos
415 2027 545 2091 lienes
561 2023 682 2089 Milicie
707 2023 833 2108 'templi
850 2024 950 2092 libere
968 2030 1001 2089 et
1018 2025 1126 2108 quiete

39 2135 237 2217 inperpetuum
256 2131 489 2217 possidendam
506 2152 564 2217 per
580 2129 772 2215 pristaldum
789 2139 932 2198 nostrum
964 2139 1041 2201 tunc
1063 2131 1126 2201 Zu-

40 2240 206 2322 gnbiensem
236 2239 393 2306 Comitem
424 2238 552 2306 nomine
586 2237 814 2322 Vanleginum,
842 2238 1125 2307 contubernarium

33 2345 165 2413 becconis
180 2347 269 2428 Beni,
284 2347 422 2414 fecimus
455 2344 623 2413 introduci.
643 2345 681 2411 In
699 2366 797 2429 quam
813 2353 937 2413 terrum
955 2355 986 2412 et
1002 2347 1122 2415 silvam

33 2453 158 2538 wpreoliotis
173 2453 323 2520 iratribus
344 2455 442 2519 talem
461 2453 658 2519 contulimus
674 2453 867 2536 libertatem,
879 2454 1034 2539 quodnec
1052 2477 1122 2543 por-

32 2560 236 2643 ·turiisnostris‚
253 2580 317 2628 nec
328 2560 428 2626 alicui
442 2561 614 2646 bominum,
631 2561 694 2628 nisi
705 2580 840 2628 assensu
858 2570 890 2628 et
905 2562 1131 2632 benivolencia
1176 2613 1180 2622 -

38 2668 187 2734 eorumdem
211 2667 351 2734 fratrum
386 2667 512 2751 aliquid
542 2668 640 2734 liccat
671 2665 844 2734 iudicando
877 2688 1043 2755 usurpare,
1078 2671 1129 2737 vel

41 2773 189 2856 usurpando
212 2774 374 2842 iudicare.
413 2772 564 2842 Pretereu
581 2777 621 2840 ad
637 2795 748 2859 preces
765 2775 877 2842 dilecti
893 2781 995 2844 nostri
1022 2777 1132 2846 fratris

38 2877 147 2950 bonomo
172 2883 316 2969 predicte
341 2881 458 2948 Domui
476 2883 603 2966 Templi
620 2885 792 2950 servicium
810 2881 942 2951 duorum
959 2885 1131 2953 liberorum

43 2985 168 3054 boninum
184 2991 223 3057 de
239 2991 360 3076 Gorra,
379 3009 458 3073 quos
475 3009 547 3056 cum
564 2989 754 3075 hereditate,
788 2987 957 3058 heredibus
974 2999 1005 3057 et
1037 2993 1131 3077 perti·

41 3096 135 3162 renuis
149 3095 329 3164 eorumdem
356 3118 377 3162 a
393 3097 530 3163 servicio
546 3097 709 3162 communi
724 3116 782 3164 sex
808 3101 1055 3182 generacionum
1081 3119 1133 3166 ex·

41 3203 159 3290 cepimus,
187 3205 364 3271 videlicet:
398 3203 581 3271 Velizlaum
600 3213 630 3270 et
657 3201 877 3291 Cbudiulaum,
895 3214 930 3272 ut
956 3208 1128 3274 servicium

41 3311 178 3390 quonobis
193 3313 245 3379 vel
261 3312 354 3378 Bauo
366 3315 569 3399 tenebantur,
587 3314 621 3378 in
635 3320 794 3396 posterum
807 3323 961 3398 perpetuo
979 3316 1128 3402 Templa

39 3414 261 3503 riisimpcndere
279 3428 466 3486 teneantur.
483 3419 633 3486 Ceterum
651 3419 733 3486 sicut
743 3423 810 3487 Rex
821 3422 902 3488 Bela
912 3429 1005 3507 pater
1021 3429 1131 3490 noster

37 3541 82 3604 pro
93 3525 145 3592 Dei
158 3547 266 3594 amore
298 3525 468 3593 Fratribus
483 3527 613 3612 Templi
646 3525 745 3609 dedit,
763 3544 796 3593 ιιι
812 3529 933 3595 Domus
967 3551 1074 3598 eorum
1093 3542 1124 3599 et

39 3631 134 3722 predia,
148 3654 201 3719 per
215 3633 466 3719 amplitudinem
478 3636 580 3703 tocius
590 3637 693 3718 Regni
703 3638 887 3719 constituta,
905 3638 1048 3721 quadam
1064 3641 1130 3706 sin·

30 3737 117 3834 cultri
131 3741 279 3813 libertate
297 3744 509 3828 premiueant,
528 3750 562 3810 ot
578 3765 598 3808 a
614 3743 713 3812 nullis
730 3744 880 3812 videlicet
897 3765 1027 3830 prorsus
1040 3746 1128 3815 inva-

29 3843 129 3914 duntur
143 3849 333 3936 hospitibus,
351 3871 411 3917 nec
423 3852 533 3918 Bonos
551 3872 610 3920 nec
621 3851 737 3937 uliquis
747 3853 876 3920 alinsin
889 3853 953 3921 illis
964 3867 1130 3940 presumat

41 3945 175 4043 hospitari,
190 3959 255 4025 nisi
271 3957 328 4042 qui
344 3959 388 4025 ab
407 3961 592 4028 corumdem
625 3959 759 4027 fratrum
777 3961 1001 4029 benivolencia
1017 3984 1124 4050 recep·

24 4057 76 4138 ltus
88 4062 186 4130 luerit:
203 4067 252 4131 ita
268 4086 328 4132 nos
345 4065 393 4132 eis
410 4073 566 4152 perpetuo
583 4069 817 4135 confirmamus.
835 4070 916 4136 Item
928 4089 1040 4136 omnes
1057 4092 1129 4154 pos·

24 4143 167 4278 [emtores
198 4193 308 4242 eorum
335 4175 563 4243 munificencia
593 4177 728 4261 Regum,
743 4176 895 4261 largitate
929 4179 1125 4264 Principum,

24 4276 116 4358 tplebis
129 4281 304 4349 devocione
335 4303 518 4370 concessas,
550 4285 661 4352 nullus
694 4285 817 4373 Comes,
836 4287 945 4352 nullus
962 4287 1124 4372 Princeps,

24 4385 274 4472 ,nenoBaronum
290 4392 480 4476 perturbare
498 4401 673 4478 presumat,
691 4413 772 4478 quus
788 4393 821 4460 in
837 4414 1039 4480 quecumque
1056 4416 1128 4480 pur·

24 4475 59 4554 'te
71 4489 224 4562 habuerint
231 4497 339 4582 Regni
351 4500 461 4566 nostri.
478 4499 522 4566 Ut
539 4501 638 4586 igitur
648 4501 741 4570 huius
753 4509 865 4570 nostre
876 4505 1130 4586 constitucione,

31 4603 235 4691 munemicnie
262 4605 462 4691 collacionis,
489 4607 811 4694 confirmacionisque
837 4611 940 4676 series
958 4613 1056 4679 nullis
1074 4635 1132 4679 un-

51 4721 111 4774 cam
124 4713 318 4796 temporibus
335 4715 521 4800 induretur,
539 4718 598 4786 sed
615 4719 792 4786 inviolabili
809 4719 988 4786 stabilitate
1012 4723 1134 4789 subsis-
