3182 5200
638 992 691 1061 31.
760 1007 761 1012 ’

97 1189 271 1258 Beirekote‘s
288 1189 425 1275 Rapuzo
439 1189 614 1258 dalmatiai
630 1193 663 1257 e‘a
678 1191 828 1276 Rooipoo
848 1191 960 1257 istriae·
984 1193 1120 1262 odrosok
1146 1191 1229 1260 kozt.

619 1299 715 1366 1188.

1 1567 3 1582 ‚
209 1495 278 1564 Nos
304 1495 486 1566 homiuibus
512 1496 552 1563 de
567 1495 707 1564 Ruhinio
723 1495 859 1563 faeimus
876 1495 1063 1584 rescriptum
1081 1497 1122 1566 de
1137 1518 1229 1565 reuo-

1 1639 2 1672 3
98 1610 235 1678 vatione
250 1605 355 1694 pacis,
378 1605 466 1690 quod
492 1604 552 1671 suit
567 1605 726 1672 internos
742 1611 774 1673 et
790 1605 973 1672 hominibus
998 1607 1142 1691 Rugusii.
1158 1607 1229 1691 Ego

96 1713 273 1785 Bertaldus
304 1711 477 1780 Gestaldio
508 1713 594 1782 filius
614 1712 736 1800 siponi,
756 1719 788 1779 et
803 1713 969 1781 iohannes
985 1714 1070 1780 filius
1094 1715 1227 1800 Semini,

99 1821 264 1892 Soandole
280 1828 313 1888 et
345 1821 509 1888 Johannes
520 1821 565 1886 aie
581 1822 732 1904 Antonio,
750 1826 782 1886 et
797 1821 905 1888 Peusu
935 1821 1022 1888 filius
1038 1821 1228 1890 Dominious

99 1930 290 2016 Caralero,
328 1928 515 1995 Dominieus
548 1925 686 1994 Gatiodo
724 1928 946 2012 Talliaveuto,
993 1929 1078 1996 filius
1110 1928 1230 1996 Johau·

97 2039 152 2106 nis
175 2035 360 2123 Sigilfredo‚
386 2034 536 2103 Cesarius
574 2035 660 2104 filius
700 2036 822 2103 Vitalo.
862 2035 920 2104 Isti
960 2036 1103 2104 homines
1142 2036 1227 2104 iura·

1 2169 2 2174 ¹
96 2151 218 2214 verunt
234 2145 358 2211 firmam
389 2163 502 2229 pacem
518 2143 551 2209 in
567 2147 759 2229 perpetuum
775 2163 847 2210 eum
879 2142 1062 2211 homiuibus
1076 2145 1224 2228 Rugusii.

1 2329 2 2334 ἵ
98 2255 198 2321 Anno
213 2251 348 2319 Domini
363 2251 538 2320 millesimo
570 2252 746 2322 centesimo
763 2252 958 2336 octogesimo
974 2257 1098 2340 oetavo,
1129 2252 1229 2319 indie·

1 2384 6 2397 ⁹
96 2363 190 2430 tione
204 2367 309 2448 sexta,
327 2365 444 2427 octava
460 2359 512 2425 die
528 2359 667 2427 intrante
683 2379 794 2428 mense
824 2359 983 2446 Ootubris,
999 2361 1161 2429 firmatum
1178 2369 1228 2428 est

97 2470 162 2538 hoe
178 2469 369 2555 capitulare.
395 2470 466 2552 Ego
481 2469 647 2535 Diaoonus
678 2468 831 2554 Marinus,
856 2475 889 2535 et
906 2469 1056 2536 Comunis
1072 2469 1227 2538 Notarius

1 2602 2 2614 ¹
97 2578 236 2666 Ragusii
253 2575 437 2662 exemplavi
449 2582 657 2662 precurrente
672 2597 760 2643 anno
776 2575 910 2643 Domini
926 2577 968 2642 M.
983 2574 1019 2642 Ο.
1036 2577 1226 2662 nonagessi-

97 2686 283 2770 exemplavi
300 2691 507 2769 precurrente
524 2703 609 2751 anuo
635 2684 765 2751 Domini
780 2685 820 2752 Μ.
840 2685 873 2750 O.
893 2684 1121 2768 nonagessimo
1138 2705 1228 2754 men·

98 2796 144 2862 sis
160 2791 344 2880 Februarii,
369 2792 424 2860 die
439 2791 551 2860 Saneti
567 2791 666 2861 Blasi.

228 2993 365 3058 (Ljnbies‚
384 2991 508 3044 Menum.
529 3007 569 3056 sp.
588 2991 656 3042 hist.
676 2991 749 3042 Slav.
769 2991 866 3041 Merid.
886 2991 907 3042 1.
928 2991 987 3042 ket.
1011 2994 1049 3044 14.
1073 2991 1102 3057 l.)

534 3280 801 3292 —a--m--n-a

641 3817 693 3888 32.

143 4019 347 4108 Eyyezkede'a
366 4022 501 4110 Ropuzo
519 4023 612 4088 aciros
630 4026 661 4088 e'o
680 4013 855 4090 Mirosziov
872 4045 971 4089 comes
987 4023 1064 4088 ko‘at
1091 4019 1186 4090 1190.

212 4219 236 4297 †
258 4218 298 4286 In
313 4217 434 4287 Christi
449 4219 588 4306 nomine,
606 4239 693 4286 anno
710 4219 880 4287 Domioiee
905 4217 1143 4286 incarnationis
1159 4219 1230 4286 mil·

102 4323 217 4392 iesimo
248 4327 428 4394 centesimo
442 4328 661 4412 nonagesimo,
688 4328 807 4396 mensis
823 4328 914 4396 Junii
931 4331 984 4394 die
999 4325 1093 4394 XVII
1109 4329 1230 4397 intrans

101 4439 144 4500 te.
176 4433 434 4504 salutationibus
460 4443 491 4502 et
516 4436 732 4505 toentiombus
756 4435 878 4505 domini
903 4437 1038 4503 Comitis
1062 4435 1230 4505 Mirosiaui

104 4557 165 4623 par
179 4541 316 4610 nuncios
332 4563 410 4612 suos
424 4545 573 4612 Maurum
590 4543 753 4630 Jupanum
771 4543 913 4629 directis,
930 4544 990 4610 hee
1008 4550 1056 4610 est
1064 4545 1230 4627 Ragnseo-

101 4666 174 4716 rum
207 4649 376 4736 responsio
404 4673 412 4718 z
446 4652 483 4718 In
501 4652 613 4737 primis
645 4651 806 4740 uidelicet,
822 4651 850 4720 si
868 4649 998 4721 fortuna
1014 4649 1043 4718 ei
1062 4651 1230 4724 residente
1324 4673 1328 4684 ·

212 4783 316 4831 norun.
333 4785 414 4832 nuso.
431 4787 501 4830 mss.
519 4799 559 4814 --
579 4788 651 4829 nrra.
670 4787 714 4830 rx.
1103 4762 1126 4832 4
