3116 5178
790 333 939 428 Q.-

302 529 343 594 de
391 526 565 596 clementia
605 525 818 612 benignitatis
850 524 987 611 predicti
1019 525 1142 591 domini
1173 527 1274 594 Ducis
1313 527 1438 611 suique
1543 593 1547 603 ,

292 635 427 704 Consilii
444 639 477 701 et
502 633 691 702 Communis
721 634 944 719 Venellorum,
962 653 1020 700 nos
1053 633 1239 718 Stephanus
1255 633 1297 702 de
1315 632 1430 700 Piciea

290 743 397 812 Judex
431 750 463 808 et
493 743 608 810 Rector
639 741 883 810 Jadretinorum
910 741 1002 806 Nono
1019 741 1289 808 commorantium
1307 749 1340 808 et
1362 763 1433 808 om·

291 853 381 932 nium
399 851 452 917 hic
468 851 666 938 presentium
685 859 717 917 et
733 850 952 936 existentium,
972 854 1005 915 et
1020 870 1078 916 nos
1096 847 1257 918 Jadretini
1283 851 1428 917 Consili-

293 959 353 1026 arii
374 957 452 1025 dicti
470 959 572 1026 nostri
600 957 726 1026 iudicis
743 967 775 1025 et
804 957 961 1042 Rectoris,
993 963 1177 1024 asserentes
1192 977 1252 1025 nos
1269 979 1340 1027 esse
1358 966 1431 1026 tres

293 1073 404 1152 partes
422 1075 454 1134 et
471 1065 566 1153 ultra,
584 1085 641 1153 per
657 1066 745 1150 quod
762 1065 939 1132 Consilium
958 1065 1162 1132 Unirersitas
1188 1064 1431 1133 Jatretinorum

291 1173 416 1258 regitur
448 1181 480 1242 ct
511 1193 619 1240 eorum
635 1173 768 1256 negotia
784 1171 1009 1259 terminantur,
1036 1180 1069 1236 ct
1096 1175 1241 1238 maxima
1258 1174 1431 1256 quantitas

295 1278 438 1350 virorum
455 1281 695 1349 Jadretinoruru
713 1280 912 1366 presentium
929 1287 961 1346 et
977 1278 1198 1366 existentium,
1211 1280 1253 1345 ad
1270 1281 1331 1346 hoo
1346 1281 1431 1348 faoi-

298 1388 417 1457 endum
450 1387 685 1455 communicato
718 1388 856 1456 consilio
888 1397 920 1456 et
937 1385 1083 1452 rrnanimi
1099 1386 1266 1456 voluntate
1282 1388 1425 1455 iacimus

295 1507 329 1563 et
346 1495 570 1563 constituimus
601 1496 729 1560 nomine
755 1503 866 1562 nostro
884 1502 916 1560 et
931 1495 1061 1560 nomine
1079 1492 1178 1560 totius
1195 1491 1429 1562 Unirersimtis

295 1603 539 1672 Jadretinorum
557 1603 675 1686 ubique
691 1601 956 1670 commorantium
982 1602 1069 1668 viros
1087 1601 1211 1668 nobiles
1239 1602 1363 1685 Papum
1381 1602 1427 1668 de

294 1711 434 1777 Peteona
450 1717 483 1777 et
499 1708 715 1792 Grisogonum
731 1709 772 1776 de
789 1711 902 1776 Mauro
918 1715 1046 1776 nostros
1070 1714 1102 1774 et
1113 1705 1341 1776 Universitatis
1358 1729 1431 1794 pre-

296 1819 383 1886 dicto
401 1817 541 1909 nuntios,
566 1815 734 1902 syndicos,
753 1824 978 1902 procuratores
994 1819 1027 1880 et
1042 1821 1169 1882 actores
1186 1815 1229 1881 ad
1253 1813 1434 1900 petendum

295 1923 425 1993 nominc
436 1929 546 1992 nostro
557 1929 590 1990 et
600 1924 739 1990 omniurn
751 1921 969 2006 predictorum
979 1920 1234 1988 misericordiam
1261 1942 1333 1988 cum
1352 1943 1430 2006 gra-

296 2033 343 2098 tia
370 2031 492 2098 domini
510 2031 610 2098 nostri
626 2030 728 2097 Ducis
753 2029 972 2112 Venetiarum,
998 2034 1030 2094 et
1046 2029 1219 2095 Civitatem
1236 2025 1337 2097 Jadrs
1353 2049 1431 2096 eum

298 2140 448 2206 omnibus
466 2136 672 2226 pertinentiis
689 2137 766 2224 suis,
777 2137 902 2225 dantes,
918 2145 951 2204 et
967 2136 1132 2203 tradentes
1143 2135 1263 2210 eisdem
1281 2137 1432 2222 liberam,

298 2245 486 2330 generalem
504 2255 536 2313 et
552 2245 779 2332 plenissimam
796 2245 948 2313 virtutem
965 2253 997 2310 et
1012 2249 1206 2328 potestatem
1224 2249 1332 2333 pacta,
1357 2267 1436 2332 pro-

296 2352 469 2420 missiones
486 2358 517 2418 et
533 2353 751 2436 obligationes
761 2351 904 2419 faciendi
914 2349 1043 2418 domino
1052 2356 1165 2417 nostro
1175 2351 1262 2418 Duci
1281 2353 1435 2419 Venetia·

298 2480 366 2528 rum
391 2471 424 2528 et
442 2459 619 2543 Communi,
634 2479 673 2526 ae
698 2458 877 2544 recipiendi
893 2457 1023 2525 nornine
1039 2464 1149 2526 nostro
1175 2466 1208 2526 et
1223 2459 1445 2548 anctoritate,

300 2573 333 2634 et
362 2570 493 2635 nomine
511 2575 542 2634 ot
556 2567 753 2642 auctoritato
768 2566 854 2632 dicte
871 2563 1020 2633 Civitatis
1051 2565 1153 2633 Jadre
1178 2571 1211 2632 et
1240 2564 1433 2635 Communis

298 2672 442 2742 eiusdem
460 2681 491 2742 et
506 2673 728 2744 universorum
745 2672 985 2741 Jadretinorum
1002 2673 1122 2757 ubique
1149 2675 1434 2762 commorantium,

300 2789 333 2848 et
348 2801 445 2867 super
475 2783 623 2850 omuibus
638 2790 670 2849 et
685 2784 720 2848 in
736 2782 896 2868 omnibus,
913 2799 976 2863 que
992 2779 1142 2848 duxerint
1157 2777 1347 2849 faciendum
1363 2788 1439 2848 tam

304 2889 337 2954 in
356 2889 452 2958 rebus
483 2911 578 2974 qnam
594 2893 627 2956 in
644 2889 793 2977 personis
823 2889 921 2956 huius
937 2887 1015 2954 iacti
1033 2889 1205 2955 occasione
1221 2888 1263 2955 ad
1280 2891 1434 2958 volunta·

300 3003 365 3063 tem
383 3003 413 3063 et
427 2995 664 3082 beneplacitum
698 2996 764 3062 iam
797 2993 876 3062 dicti
906 2993 1029 3062 domini
1059 2995 1161 3061 nostri
1177 2994 1279 3062 Ducis
1296 2997 1433 3081 eiusque

301 3103 447 3191 Consilii,
465 3111 496 3169 et
512 3103 727 3187 predictorum
753 3102 948 3188 nuntiorum,
965 3102 1173 3189 syndioonum
1191 3103 1263 3169 sire
1278 3095 1437 3188 procura-

302 3219 407 3278 torum
425 3218 612 3294 nostrorum,
648 3219 681 3277 et
713 3212 841 3278 iurandi
857 3211 891 3276 in
909 3211 1083 3277 animabus
1100 3209 1220 3278 nostris
1236 3217 1269 3276 et
1285 3211 1436 3297 predicte

300 3317 530 3386 Universitatis
562 3317 602 3385 de
618 3318 871 3406 complemendis
896 3326 928 3385 et
954 3318 1123 3386 servandis
1139 3319 1300 3406 omnibus,
1318 3321 1435 3403 quein

302 3425 460 3510 predictis
490 3429 541 3492 rel
575 3426 650 3492 aliis
667 3428 754 3494 eirea
769 3427 916 3511 predicta
931 3447 989 3512 per
1006 3425 1138 3492 eosdem
1157 3424 1243 3493 lanta
1260 3425 1385 3493 luerint
1402 3435 1437 3493 et

302 3533 445 3598 ortinata
460 3551 532 3598 cnm
562 3529 647 3600 dicto
679 3533 808 3600 domino
825 3539 934 3600 nostro
951 3533 1043 3601 Duce
1059 3531 1269 3598 Venetiarum
1297 3533 1437 3618 eiusque

304 3639 456 3723 Consilio,
487 3647 592 3706 ratum
619 3648 652 3706 et
667 3643 793 3708 firmum
810 3642 931 3706 hahere
946 3641 1170 3725 promittentes
1187 3640 1220 3705 in
1236 3648 1434 3727 perpetuum

302 3765 361 3832 per
377 3766 436 3812 nos
467 3755 658 3830 nostrosque
688 3747 824 3815 herodes
841 3754 873 3814 et
895 3766 1107 3834 successores,
1125 3747 1284 3829 quidquid
1309 3748 1344 3813 in
1362 3768 1441 3833 prs-

305 3855 402 3922 diotis
419 3851 470 3920 rel
486 3854 558 3920 aliis
573 3854 661 3920 eirea
676 3855 823 3939 predicta
839 3873 910 3920 oum
929 3854 1171 3938 lilagnificentia
1197 3853 1275 3920 dicti
1306 3853 1437 3922 domini.

306 3962 410 4029 nostri
441 3961 540 4030 Ducis
574 3963 724 4030 duxerint
749 3962 935 4030 faciendum
954 3985 962 4046 ;
979 3963 1167 4029 confitentes
1192 3971 1224 4028 et
1238 3968 1438 4052 asserentes,

304 4089 364 4136 nos
384 4090 456 4136 esse
474 4070 561 4156 apud
577 4069 735 4138 Venetias
751 4071 784 4136 in
802 4077 913 4138 nostra
930 4071 1038 4136 libera
1054 4075 1226 4156 potestate,
1244 4077 1277 4135 et
1293 4071 1328 4136 in
1344 4072 1442 4138 nulla

307 4176 409 4242 loreia
442 4178 492 4243 vel
525 4176 671 4245 districtu
704 4178 782 4246 dicti
815 4176 938 4244 domini
955 4177 1056 4243 nostri
1073 4175 1173 4243 Ducis
1192 4186 1224 4243 et
1249 4177 1440 4247 Communis

307 4285 516 4354 venetiarum
532 4287 585 4353 rel
601 4287 733 4353 alterius
749 4305 897 4371 persone,
914 4283 1036 4349 dictam
1063 4283 1285 4370 syndicariam
1316 4271 1353 4349 et
1365 4303 1443 4370 pro·

309 4393 509 4458 curationem
543 4393 709 4460 voluntate
741 4398 924 4479 spontanea
951 4391 1118 4458 iacientes.
1135 4389 1242 4456 Etiam
1257 4390 1441 4462 asserimus

310 4504 343 4566 et
359 4499 547 4568 eonfitemur
562 4499 740 4586 predictum
758 4499 957 4586 Stephanum
976 4497 1018 4564 de
1049 4497 1161 4566 Piciea
1190 4505 1336 4583 tempore
1369 4519 1444 4586 pre·

249 4605 252 4608 ’
306 4608 393 4702 senti
410 4613 554 4674 nostrum
573 4615 605 4676 et
621 4609 852 4707 Uuirersitatis
883 4605 1030 4692 predicte
1057 4625 1126 4672 esse
1142 4605 1291 4674 Judicem
1309 4611 1344 4674 et
1358 4608 1445 4678 Reo-
