3116 5186
879 389 1039 489 *342—
1158 399 1164 412 .

399 581 545 668 predicte
559 584 779 652 restitucionis
795 583 896 653 series
913 605 935 650 a
959 583 1053 652 nobis
1082 585 1165 650 inste
1196 589 1228 650 et
1259 583 1408 667 legitime
1437 581 1515 649 laete

396 692 514 760 nostris
531 698 781 777 nostrorumque
797 711 1021 761 successorum
1039 691 1240 778 temporibus
1264 692 1362 758 salua
1394 710 1514 778 semper

397 807 430 866 et
443 803 640 869 inconcussa
654 807 857 888 permaneat,
875 802 908 869 in
926 807 1151 885 argumentum
1169 799 1339 884 amplioris
1355 799 1434 866 fidei
1449 821 1513 885 pre·

397 917 521 976 sentem
539 910 756 978 concessimus
774 909 929 996 paginam
959 907 1122 995 duppliois
1154 906 1255 992 sigilli
1285 907 1391 974 nostri
1424 909 1515 974 mnni-

397 1017 484 1086 mine
499 1018 533 1084 in
550 1023 740 1103 perpetuum
756 1017 953 1084 roboratam.
985 1017 1107 1084 Datum
1123 1035 1209 1083 anno
1225 1015 1397 1082 Dominiee
1415 1017 1517 1082 Incar-

397 1125 546 1194 nacionis
561 1125 734 1194 millesimo
750 1124 936 1194 OG⁰XXX⁰
961 1123 1115 1208 secundo,
1145 1124 1252 1210 Regni
1283 1129 1393 1194 antem
1426 1113 1530 1194 nostri

399 1234 692 1301 annoXX⁰nono
1542 1229 1547 1236 ’

399 1430 455 1494 (ΔιΙ
470 1431 575 1483 eredeti
592 1431 662 1484 uttn
679 1435 778 1484 Knau
797 1433 911 1486 Ntndor
929 1433 1048 1500 Magyar
1067 1431 1132 1484 Sion
1151 1433 1190 1482 ΙΙ.
1209 1434 1267 1483 kbt.
1279 1435 1341 1482 372.
1352 1433 1410 1497 lap.
1421 1451 1429 1497 ;
1441 1460 1470 1469 -
1480 1433 1516 1482 As

514 1523 691 1590 Esatsrgami
708 1523 885 1589 ucktptalan
905 1522 1106 1588 Olsmtnytara,
1124 1525 1190 1574 Pest
1212 1527 1287 1572 1871.
1309 1523 1354 1572 17.
1373 1523 1405 1585 l.)

930 2451 1003 2518 les.

401 2647 449 2711 11.
474 2647 586 2714 Badra
600 2649 709 2734 kircily
727 2650 866 2717 scebebc
881 2651 1037 2736 helyseqet
1061 2651 1247 2737 oiaszaodja
1277 2677 1317 2718 aa
1348 2651 1517 2740 coaequari

783 2759 1018 2844 kdptalannalc.
1043 2756 1140 2824 1232.
1543 2769 1547 2778 ‘

509 2950 657 3020 Andreas
677 2954 739 3020 Dei
755 2959 867 3040 gracia
883 2955 1051 3040 Hungarie
1066 2955 1136 3024 Rex
1148 2957 1310 3025 uniuersis
1320 2957 1442 3025 Christi
1450 2957 1515 3024 file-

401 3062 487 3136 libus
503 3063 685 3147 presentem
702 3062 856 3148 paginam
872 3063 1066 3156 inspecturis
1083 3065 1222 3131 salntem
1238 3065 1271 3130 in
1288 3066 1432 3134 Domino
1447 3067 1514 3134 lesn

406 3168 546 3237 Christo.
564 3167 724 3246 Quoniam
741 3171 896 3258 scriptum
915 3179 973 3260 est,
988 3174 1074 3257 quod
1091 3174 1515 3262 nonremittiturpoccatnm,

401 3278 504 3344 donec
519 3279 709 3346 restituatur
724 3282 870 3347 ablatum
888 3308 895 3349 :
915 3281 1035 3349 idcirco
1051 3282 1094 3349 ad
1120 3280 1343 3350 uniuersorum
1373 3284 1514 3351 noticiam

405 3385 555 3454 uolumus
571 3389 763 3475 peruenire;
789 3387 875 3472 quod
892 3409 950 3456 nos
968 3391 1073 3458 Deum
1090 3411 1151 3475 pre
1166 3391 1268 3458 oculis
1292 3391 1460 3476 habentes,
1487 3400 1516 3454 et
1556 3457 1557 3460 ,

404 3493 511 3576 magis
527 3494 627 3562 saluti
641 3496 753 3563 anime
768 3503 879 3564 nostre
904 3497 1074 3582 prouidere
1100 3500 1278 3586 cupientes,
1310 3519 1408 3583 qnam
1439 3500 1516 3567 lucro

402 3602 575 3684 temporali
590 3628 598 3668 ε
614 3603 726 3670 villam
744 3603 909 3688 quandam
925 3604 1055 3672 nomine
1079 3605 1267 3704 Scehebbb,
1300 3606 1355 3672 nbi
1382 3609 1517 3673 Saxones

400 3704 597 3797 residebant,
613 3729 711 3794 qnam
726 3712 875 3780 Ecclesia
890 3711 1125 3796 strigoniensis
1152 3715 1194 3798 ab
1225 3714 1360 3797 antiqno
1392 3713 1517 3800 pacifice
1556 3785 1557 3788 Ἴ

402 3818 593 3902 possederat
609 3825 642 3884 et
658 3819 777 3904 quiete,
795 3828 827 3888 et
842 3841 901 3888 nos
926 3820 1034 3909 ipsam
1063 3821 1169 3888 minus
1201 3821 1284 3889 iuste
1314 3822 1349 3887 in
1381 3831 1516 3890 nostrum

400 3941 494 3994 usum
526 3934 803 4014 conuerteramns,
843 3931 930 3997 omni
962 3929 1223 3997 contradiccione
1253 3938 1287 3998 et
1317 3929 1516 3998 contencione

402 4035 616 4123 cessantibus,
636 4057 677 4106 ex
692 4044 803 4104 nostra
818 4043 930 4120 gracia
943 4045 978 4104 et
994 4038 1197 4126 beneplacito
1213 4037 1359 4105 Ecclesie
1385 4035 1516 4106 restitni-

400 4162 472 4211 mus
487 4151 673 4231 memorate,
690 4146 775 4214 bona
791 4146 855 4212 fide
870 4148 1116 4233 promittentem
1133 4148 1218 4232 qnod
1229 4168 1405 4233 nunqnam,
1417 4167 1517 4232 qnam·

400 4247 456 4316 din
472 4250 630 4340 ninemns,
647 4253 797 4321 Ecclesia
812 4252 1048 4336 strigoniensis
1064 4273 1163 4339 snper
1186 4254 1338 4340 predicta
1361 4256 1446 4322 nilla
1468 4254 1518 4318 ali·

403 4379 499 4443 qnam
515 4362 659 4446 pacietur
674 4361 828 4430 iniuriam
845 4363 898 4430 nel
916 4363 1118 4448 molestiam3
1150 4363 1208 4430 sed
1223 4382 1306 4448 pace
1320 4372 1477 4450 perpetua
1491 4366 1518 4426 et

401 4465 642 4552 tranquillitate
657 4467 813 4554 gaudebit
828 4489 926 4556 snper
941 4469 1002 4537 hoc
1017 4470 1218 4539 infuturum.
1241 4453 1300 4535 ¹Vt
1325 4489 1403 4555 ergo
1432 4468 1517 4536 bnins

397 4575 614 4644 restitutionis
629 4579 729 4646 series
747 4578 879 4647 anobis
895 4573 1038 4665 legitime
1063 4579 1157 4662 facte,
1180 4578 1301 4647 nostris
1325 4587 1518 4646 nostrornm·

398 4701 461 4772 qne
477 4704 693 4754 snccessomm
709 4689 908 4775 temporibus
925 4689 1021 4760 salua
1036 4709 1162 4777 semper
1178 4695 1210 4756 et
1225 4688 1423 4758 inconeussa
1446 4703 1508 4772 per·
1556 4705 1557 4708 ¹
