3116 5186
358 1125 408 1194 11.
424 1123 537 1191 Endre
551 1124 729 1212 kirdlynck
744 1125 983 1212 ononymos·
997 1127 1207 1193 immunitum
1232 1149 1270 1192 aa
1300 1131 1494 1214 ecaterpami

666 1233 785 1319 cypiros
800 1233 890 1317 uspei
903 1237 1063 1299 emmona.
1087 1233 1186 1297 1232.

469 1423 618 1494 Andreas
633 1423 697 1492 Dei
713 1426 827 1509 gracia
840 1425 1008 1511 Hungarie
1023 1429 1094 1495 Rex
1108 1427 1269 1494 vniuersis
1283 1427 1409 1507 Christi
1418 1428 1488 1496 fide-

358 1532 444 1601 libus
460 1539 645 1620 presentem
661 1533 817 1618 paginam
832 1534 1028 1620 inspecturis
1044 1534 1184 1601 salutem
1202 1542 1235 1601 et
1249 1554 1346 1602 omne
1362 1534 1489 1602 bonnm.

361 1641 595 1709 Vniuersornm
611 1641 731 1708 Sancto
746 1642 859 1710 blatris
876 1641 1022 1709 Ecclesia
1038 1642 1178 1709 tiliorum
1202 1640 1323 1708 noticie
1347 1640 1488 1709 insinua·

360 1747 454 1818 cione
469 1749 673 1834 presencium
690 1750 836 1818 uolumus
852 1749 923 1816 fieri
941 1749 1157 1835 manifestum,
1175 1751 1262 1832 quod
1277 1769 1337 1818 nos
1348 1749 1490 1818 conside·
1535 1809 1547 1818 ,

359 1863 433 1922 rato
449 1856 640 1942 grausmino
665 1861 698 1922 et
724 1858 936 1942 oppressione
966 1857 1159 1943 populorum
1191 1858 1337 1924 Ecclesie
1367 1857 1489 1941 Strigo·

359 1962 495 2048 niensis,
513 1965 567 2048 qui
584 1984 606 2029 a
621 1963 760 2031 diuersis
777 1963 938 2032 iudicibus
954 1965 1001 2032 eis
1031 1962 1262 2048 inferebantur,
1296 1963 1383 2028 mira
1414 1961 1488 2029 moti

358 2067 560 2154 benignitate
576 2069 690 2154 Regia,
702 2069 746 2136 sd
761 2070 955 2156 peticionem
970 2070 1174 2138 Venerabilis
1188 2071 1226 2136 R.
1243 2069 1487 2156 Arubiepiscopi

358 2285 406 2351 los
422 2284 606 2366 eximentes,
622 2286 841 2354 concessimus
857 2287 980 2354 eisdem
997 2292 1029 2353 ct
1060 2286 1258 2352 instituimus
1272 2309 1281 2370 ;
1304 2293 1340 2352 ut
1370 2285 1490 2353 nullius

357 2390 380 2459 J
383 2391 497 2478 udicis,
514 2391 667 2460 uidelicet
683 2413 743 2459 nec
757 2393 911 2479 Palatini,
943 2412 1005 2460 nec
1036 2381 1187 2460 alicuius
1205 2394 1338 2486 alterius
1363 2392 1488 2478 judicio

358 2504 467 2565 astare
485 2505 665 2586 teneantur,
683 2505 789 2584 preter
807 2506 952 2568 nostrum
978 2499 1177 2568 solummodo
1202 2500 1369 2586 proprium
1400 2499 1488 2567 Jncli·

358 2609 462 2693 cinm3
488 2613 519 2675 et
534 2607 641 2674 nullus
655 2607 746 2694 ipsos
761 2614 839 2676 aute
854 2609 995 2693 aliquem
1021 2607 1122 2675 alium
1143 2608 1290 2694 judicem
1322 2615 1488 2692 presumat
1543 2611 1544 2614 ’

358 2716 541 2800 conuenire,
557 2716 619 2783 nisi
635 2736 743 2784 coram
758 2717 876 2786 Nostro
892 2716 1071 2784 Maiestatis
1088 2715 1268 2784 Preseneia
1309 2715 1353 2783 vt
1379 2726 1489 2786 antem

361 2822 421 2890 beo
437 2843 457 2888 a
472 2822 568 2891 nobis
583 2823 673 2891 facta
689 2825 855 2910 exempoio
871 2844 931 2892 nec
956 2825 1074 2892 nostris
1100 2845 1251 2910 unquam,
1276 2844 1338 2891 nec
1363 2833 1483 2892 nostro-

360 2949 430 2998 rum
446 2949 665 3000 successorum
690 2933 890 3018 temporibus
914 2935 1024 3000 ualeat
1047 2934 1194 3000 reuocari
1218 2934 1273 2999 uel
1304 2935 1487 3020 retractari,
1546 2966 1548 2969 ·

360 3038 417 3108 sed
434 3041 526 3107 salua
544 3060 670 3127 semper
701 3047 733 3108 et
763 3043 956 3109 inconcussa
985 3047 1160 3120 remaneat,
1193 3042 1227 3108 in
1259 3048 1481 3126 argumentum

360 3145 437 3215 fidei
454 3148 586 3214 maioris
602 3155 782 3235 presentem
799 3149 1016 3218 concessimus
1032 3149 1189 3234 paginam
1205 3146 1368 3234 duppliois
1387 3149 1484 3232 sigilli

357 3255 460 3324 nostri
477 3255 653 3325 munimine
668 3257 862 3326 roboratam.
900 3259 1021 3324 Datum
1048 3276 1133 3323 anno
1168 3253 1286 3322 Gracia
1317 3255 1488 3324 millesimo

358 3360 558 3430 cccxxxll
566 3376 585 3431 ⁰.
609 3363 715 3448 Regni
730 3371 839 3432 autem
854 3364 955 3430 nostri
973 3384 1060 3432 anno
1076 3363 1229 3433 vicesimo
1246 3385 1344 3432 nono.

556 3562 667 3624 (Knam
687 3561 811 3624 illudet,
830 3561 948 3628 Magyar
968 3564 1034 3616 Sion
1052 3565 1089 3615 11.
1108 3565 1167 3615 keu
1187 3567 1248 3615 291.
1266 3563 1299 3630 1.)

787 3846 1055 3861 μ
