3116 5178
597 966 674 1032 252.

6 1205 8 1250 3
73 1163 131 1229 IV.
153 1163 238 1231 atta
252 1163 433 1250 iob-diyanb
448 1149 559 1248 'Puicuy
574 1173 603 1228 at
619 1163 775 1228 fanetum
782 1160 930 1246 solusne
945 1167 1104 1250 tdryycari
1123 1165 1208 1231 cdo-

6 1333 8 1370 ὲ
76 1271 187 1356 mdnya
203 1269 424 1336 Kadarkoloz
455 1270 690 1356 namactadpbcli
705 1269 879 1338 Androniic
894 1283 1004 1338 mestar
1028 1272 1141 1339 Endos
1148 1273 1205 1357 fla

499 1381 658 1444 ammana.
678 1375 772 1444 1248.

6 1653 8 1656 ,
174 1569 255 1639 Bela
272 1571 337 1637 Dei
354 1571 468 1654 gracia
493 1569 672 1657 Hungarie,
704 1570 881 1655 Dalmacie,
912 1569 1058 1658 Groacie,
1089 1571 1200 1653 Rama,

76 1677 193 1759 Seruis,
211 1676 363 1764 Gallicis,
382 1676 572 1745 bodomaria
587 1676 810 1761 Cumanieque
825 1677 893 1744 Rex
910 1679 1060 1746 omuibus
1079 1680 1201 1750 Obriati

6 1803 8 1850 3
77 1781 220 1853 idciibus
236 1803 373 1869 presens
389 1785 546 1871 scriptum
561 1784 760 1870 inspecturis
776 1785 914 1853 salutem
929 1785 964 1852 in
980 1789 1121 1856 omnium
1138 1787 1202 1856 aal-

6 1911 8 2000 ᾗ
74 1897 193 1960 oawre.
218 1889 480 1979 Circumspcccio
496 1893 620 1976 Regum
635 1892 776 1978 prouida
791 1893 963 1980 condignis
977 1894 1111 1982 premijs
1136 1894 1200 1963 sibi
1242 1952 1244 1964 .

6 2001 8 2082 ξ
76 1999 290 2082 obsequentes
305 2001 355 2066 sio
370 1997 468 2066 debet
483 2018 664 2083 occurrere,
690 2005 726 2066 vt
740 2019 782 2067 ex
808 1998 910 2084 digna
934 2004 1201 2074 remuneracione

6 2083 8 2192 ξ
78 2107 265 2188 premiorum
283 2105 367 2172 alias
383 2107 486 2173 eciam
504 2105 656 2189 exemplo
671 2105 833 2173 consimili
849 2105 892 2173 ad
909 2107 1033 2175 maiora
1058 2107 1199 2179 tidelita·

6 2193 8 2210 ’
76 2210 115 2278 tia
127 2231 224 2300 opera
241 2211 362 2282 reddat
377 2211 586 2298 promoioros.
625 2212 769 2280 Proinde
801 2213 847 2280 ad
877 2216 1101 2284 uniuersorum
1131 2225 1202 2286 tam

78 2321 271 2404 presencium
301 2339 398 2404 quam
424 2327 626 2406 posterorum
658 2319 812 2389 noticiam
845 2323 1017 2407 peruenire
1047 2325 1200 2396 nolumus

6 2477 8 2496 ι
79 2426 272 2510 presencium
292 2447 350 2514 per
365 2435 509 2494 tenorem
527 2451 536 2493 ε
552 2425 727 2512 quodcum
743 2447 805 2494 noa
820 2429 1036 2496 consideratis
1056 2432 1203 2515 probita-

6 2543 8 2608 t
79 2532 117 2600 tit
131 2535 284 2618 operibus
299 2533 405 2601 tidelis
430 2533 532 2601 nostri
548 2532 698 2618 Magistri
712 2533 903 2602 Andronici
916 2534 973 2618 fiiij
999 2537 1132 2606 Andreo
1160 2538 1205 2606 dc

6 2621 9 2704 ἶ
82 2657 192 2724 genere
207 2638 425 2709 Kadarinalun
440 2639 600 2725 quasdam
616 2647 720 2708 terras
735 2637 776 2707 de
791 2643 905 2710 Castro
921 2643 1117 2732 Zegbnnria,
1141 2647 1189 2714 Po

79 2763 137 2832 coy
150 2746 307 2816 videlicet
323 2757 354 2813 et
371 2745 534 2833 Pruaiom,
566 2766 668 2834 prope
684 2748 855 2816 confinium
872 2751 976 2835 Regni
999 2753 1103 2820 nostri
1134 2756 1203 2822 cxi·

6 2855 9 2944 t
78 2860 202 2940 etcum,
236 2873 298 2941 pro
315 2861 403 2922 terra
418 2854 636 2941 descensuaii,
667 2861 702 2921 vt
718 2856 817 2942 ijdem
835 2857 867 2920 in
897 2857 1046 2924 custodia
1071 2859 1200 2946 conbuij

6 2949 8 3022 i
78 2957 172 3043 Regni
190 2961 296 3030 nostri
311 2963 446 3047 vigilem
463 2969 497 3029 et
512 2961 682 3050 prouidam
699 2963 874 3031 adhibeant
906 2964 1127 3054 diligenciam,
1158 2966 1202 3036 de

6 3063 10 3156 i
79 3067 279 3150 plenitudiue
294 3070 405 3154 gracia
420 3077 530 3140 nostro
545 3070 607 3138 sibi
625 3069 828 3138 duxissemus
839 3068 1071 3156 conferendam
1097 3081 1205 3145 etuas

6 3189 8 3256 j
81 3193 131 3256 per
145 3175 302 3246 dilectum
319 3185 350 3245 ct
366 3177 495 3248 fidelem
512 3185 660 3250 nostrum
676 3177 770 3246 Okcb
786 3177 942 3245 Comitem
975 3177 1075 3246 tilium
1107 3177 1201 3248 Okcb

6 3273 8 3306 ¹
80 3279 135 3347 sibi
148 3281 359 3354 iussissemns
374 3283 540 3368 assignari
560 3309 568 3350 :
588 3285 667 3367 quia
681 3289 791 3349 tamen
807 3281 895 3350 idem
911 3283 1052 3352 confisus
1068 3285 1110 3352 de
1125 3306 1203 3373 ope·

81 3387 159 3456 ribus
173 3411 232 3460 sue
249 3392 423 3475 probitatis
436 3389 877 3476 superdetencioneillarum
889 3397 1045 3460 terrarum
1057 3402 1201 3462 nostrum

81 3495 277 3584 priuilegium
294 3507 371 3567 tuno
386 3498 530 3584 recipere
546 3497 755 3584 pretermisit,
773 3499 910 3566 credens
927 3499 1045 3584 persui
1055 3500 1201 3570 valorem

83 3598 164 3683 ipsas
180 3612 285 3672 terras
303 3625 363 3690 par
377 3623 468 3674 auam
498 3603 692 3673 iudustriam
717 3623 815 3690 posse
845 3604 1013 3673 commode
1043 3604 1205 3695 detineri,

81 3705 182 3776 diteoti
198 3719 231 3778 et
248 3710 362 3779 tidelea
378 3712 480 3780 nostri
498 3711 683 3798 Stephanus
699 3711 813 3779 Banna
828 3710 933 3781 tocius
958 3713 1142 3806 Sciauonie,
1169 3723 1201 3786 et

83 3813 243 3903 Phiiippus
258 3818 442 3905 Episcopus
459 3819 702 3906 Zagrabicnsis,
719 3818 836 3903 quibus
853 3827 958 3888 terras
973 3820 1078 3906 ipsius
1094 3823 1202 3893 (tastu

27 3913 28 3916 ’
84 3919 218 3994 indebite
243 3934 423 4013 occupatas
452 3929 624 3996 restituere
655 3925 868 4014 precepimus,
899 3927 1063 4014 predictas
1094 3939 1201 4000 terras

83 4030 283 4102 restituerunt
299 4031 413 4104 Castro
430 4035 606 4121 antedicto,
637 4055 708 4103 cum
725 4031 810 4102 item
842 4035 1055 4105 Andronicus,
1075 4035 1201 4106 nullum

84 4135 229 4208 anbibere
245 4143 410 4210 munimen
427 4143 577 4228 potuerit,
596 4163 660 4228 quo
676 4143 774 4212 titulo
790 4144 881 4228 ipsas
908 4143 1098 4228 possideret.
1134 4144 1202 4212 Sed

6 4261 9 4346 j
83 4242 220 4324 quianon
236 4248 433 4335 axanscepti
449 4249 617 4335 regiminis
632 4249 739 4318 cilicio
756 4260 901 4320 tenemur
926 4257 1069 4317 nostram
1099 4248 1201 4322 done

6 4349 8 4444 J
85 4349 198 4422 donem
212 4375 419 4441 nequaqnam
436 4356 593 4446 minuero,
624 4359 684 4426 sed
701 4360 805 4428 roiam
829 4357 944 4445 pocius
974 4364 1199 4446 augmentare,

6 4455 8 4530 i
85 4463 134 4525 art
160 4460 274 4531 mitem
306 4483 380 4533 eam
412 4463 691 4536 irretractabiliter
706 4483 919 4552 canamuare;
956 4461 1200 4534 considerantes

6 4559 15 4706 i
86 4566 218 4637 maxima
232 4573 385 4642 continue
400 4571 567 4642 fidelitatis
593 4574 761 4662 obsequia,
793 4594 856 4660 qne
886 4573 973 4641 idom
1005 4573 1100 4641 nobis
1130 4581 1197 4642 tam

6 4723 8 4816 i

6 4823 9 4900 i

6 4977 11 5065 ἱ
