3116 5186
918 309 1078 404 Ah--

431 502 590 587 Kerump,
625 503 779 585 Magistro
814 503 939 568 Domus
973 500 1099 585 Templi
1129 520 1186 586 peu·
1211 503 1356 584 Regnum
1382 501 1538 586 Hungaric,

430 619 463 678 et
475 606 601 676 ahaliis
613 610 781 678 Fratribus
801 609 922 676 Domus
944 609 1083 696 Templi,
1103 607 1210 676 locum
1227 629 1324 674 unum
1341 607 1430 691 apud
1441 591 1540 674 hcein·

435 716 550 802 gniam
567 717 630 784 sihi
642 716 723 802 dari,
735 714 778 782 ad
789 716 917 784 domum
928 737 1024 784 unam
1037 715 1158 783 ibidem
1170 715 1386 783 edificandam
1399 716 1538 800 prorebus

438 825 577 910 propriis
589 824 825 891 ctnecessariis
851 825 928 892 dicti
954 823 1143 892 Mouasterii
1168 822 1313 890 emendis
1330 821 1540 890 etvendendis.

435 933 572 998 Demum
607 932 686 998 dicti
721 933 878 1015 Magister
903 942 936 999 et
963 934 1079 998 iratres
1104 931 1295 1016 congregati
1326 932 1372 996 ad
1402 931 1555 997 Concreto

437 1040 623 1126 Capitulum
653 1039 740 1125 apud
774 1040 990 1123 Glogonicam
1028 1041 1082 1107 1v.
1110 1038 1183 1105 idas
1210 1039 1340 1124 Marcii,
1367 1037 1554 1113 peticionem

436 1148 591 1214 dictorum
612 1149 748 1216 Abbatis
764 1155 797 1215 et
813 1150 999 1217 Conventus
1020 1150 1187 1216 unanimes
1208 1149 1371 1215 duxerunt
1394 1147 1551 1214 admitten-¹

433 1254 518 1338 dam,
544 1253 704 1323 donantes
732 1264 763 1321 et
788 1258 1004 1326 consedentes
1030 1259 1064 1323 in
1091 1263 1287 1342 perpetuum
1318 1255 1408 1322 dicto
1433 1256 1539 1320 lionae

432 1363 512 1429 terio
529 1361 715 1448 Toplieensi
732 1365 940 1432 medietatem
957 1365 1127 1432 cuiusdam
1145 1366 1235 1450 pecie
1252 1371 1347 1446 terre,
1366 1382 1459 1447 qnam
1468 1371 1538 1428 tene·

434 1471 490 1536 hat
517 1471 648 1538 Domus
673 1472 801 1557 Templi
827 1473 868 1540 de
894 1481 981 1540 terra
1016 1493 1113 1558 quam
1151 1473 1254 1540 tenuit
1278 1469 1443 1556 quondam
1465 1469 1539 1534 Prior

436 1575 581 1665 Oprahh,
599 1579 641 1646 ad
659 1579 788 1648 domum
805 1601 903 1665 qnam
918 1582 1074 1667 petebant
1099 1579 1330 1662 edificandam,
1356 1580 1415 1646 tali
1440 1575 1540 1643 modo:

432 1686 517 1768 quod
533 1686 639 1755 dictus
654 1689 765 1756 Abhas
781 1699 812 1756 et
828 1689 1014 1758 Conventus
1030 1693 1064 1756 in
1085 1689 1294 1776 pertinenciis
1305 1685 1473 1770 Sceingnie
1487 1705 1536 1750 non

432 1794 557 1876 possint
576 1795 609 1861 in
629 1803 794 1881 posterum
819 1816 936 1880 emere,
962 1816 1023 1864 nec
1048 1797 1081 1861 in
1110 1796 1323 1864 elemosinam
1360 1791 1537 1876 reciperen

431 1896 580 1968 fortassis
605 1905 653 1970 eis
678 1905 720 1970 ab
749 1905 858 1988 aliquo
884 1903 1092 1992 conferretur,
1118 1902 1246 1971 domurn
1271 1904 1428 1991 aliquam,
1451 1917 1534 1981 neque

425 2010 546 2079 ‘vineas
561 2030 666 2095 neque
686 2012 910 2098 possessiones
936 2012 1066 2095 aliquas
1100 2032 1157 2079 seu
1185 2018 1298 2098 terras,
1326 2013 1400 2079 sinc
1425 1994 1535 2076 lieentia

429 2120 576 2204 Magistri
595 2129 626 2186 ot
641 2120 778 2186 fratrum
790 2121 914 2187 Domus
930 2119 1068 2205 Templi.
1087 2119 1183 2198 Quod
1198 2120 1227 2184 si
1240 2119 1385 2187 alieuius
1397 2117 1532 2204 privilegii

433 2229 626 2294 auctoritate
636 2227 687 2293 vel
699 2228 795 2294 modo
806 2227 871 2294 alio
883 2227 994 2311 aliquo
1006 2225 1113 2292 facere
1122 2233 1365 2316 attemptarent
1375 2235 1438 2294 tarn
1447 2227 1532 2309 ipsum

428 2335 533 2400 locum
555 2354 651 2418 quarn
673 2333 802 2401 domurn
814 2334 934 2402 ibidem
954 2334 1138 2400 edificatam
1149 2334 1337 2401 amitterent
1355 2333 1532 2420 presentibus

430 2442 482 2508 vel
500 2447 636 2508 teneura
658 2439 703 2528 (t)
725 2462 781 2508 seu
793 2442 870 2509 aliis
880 2443 949 2509 iure
959 2443 1091 2510 minime
1101 2443 1261 2510 valituris.
1279 2442 1451 2527 Adiuncto,
1466 2437 1532 2523 quod

429 2548 526 2616 nichil
554 2556 678 2616 ematur
706 2551 758 2618 vel
784 2550 943 2618 vendatur
968 2550 1003 2616 in
1028 2548 1117 2618 dicte
1141 2550 1245 2634 domo,
1278 2554 1330 2618 vel
1358 2551 1432 2617 inde
1457 2549 1530 2615 modo

428 2655 537 2738 aliquo
554 2658 751 2743 extrahatur,
771 2658 811 2724 dc
830 2678 892 2742 qno
908 2658 1024 2725 Domni
1041 2659 1168 2744 Templi
1179 2660 1333 2726 iussunm
1351 2659 1470 2741 integre
1483 2674 1530 2721 non

427 2763 592 2850 reddatur,
609 2764 691 2832 sieut
721 2765 762 2831 de
788 2765 863 2832 aliis
889 2767 1115 2850 mercimoniis,
1140 2787 1202 2850 que
1228 2766 1316 2849 apud
1342 2764 1526 2848 Sceingnium

427 2873 604 2941 vendentur
621 2875 672 2941 vel
693 2883 848 2963 ementur,
874 2881 982 2960 preter
997 2895 1048 2941 res
1076 2875 1226 2960 proprias
1252 2874 1332 2940 dicti
1359 2871 1522 2940 hlonastcrii

427 2981 627 3065 Toplicensis
644 2981 686 3049 ad
702 3002 796 3047 nsrrm
823 2984 988 3068 proprium
1014 2982 1153 3051 Abbatis
1180 2987 1212 3047 et
1238 2983 1426 3050 Conventus
1449 2979 1529 3065 perti·

418 3096 539 3155 'nentes
556 3113 563 3173 ;
581 3088 710 3172 quodsi
727 3089 818 3156 lieret
835 3096 867 3156 et
883 3091 1013 3174 probari
1032 3101 1153 3176 posset,
1171 3098 1239 3155 tam
1265 3091 1338 3156 loco
1365 3107 1456 3174 quam
1478 3084 1528 3150 edi·

427 3197 509 3284 ficio,
528 3205 562 3262 ut
578 3195 697 3262 dictum
715 3203 775 3286 est,
793 3197 1004 3283 privarentur.
1023 3197 1139 3264 Verum
1158 3197 1374 3282 respropn'as
1391 3197 1524 3262 dictorum

427 3306 566 3372 Abbatis
582 3314 614 3372 et
630 3303 815 3372 Conventus
832 3306 903 3372 usui
921 3305 1063 3389 ipsorum
1080 3305 1286 3372 necessarias
1301 3304 1404 3371 liccat
1427 3302 1469 3368 eis
1481 3297 1527 3364 ihi·

425 3411 499 3478 dem
518 3431 623 3480 emere
641 3421 673 3480 et
690 3411 839 3500 vendere,
865 3431 1023 3497 reponere
1051 3419 1084 3478 et
1108 3413 1185 3478 inde
1209 3415 1381 3480 extrahere
1405 3411 1492 3478 libere
1506 3409 1529 3468 ct

433 3520 568 3606 pacifice
584 3542 642 3607 pro
658 3541 716 3588 sue
732 3519 825 3587 libito
843 3507 1032 3588 voluntatis.
1050 3521 1151 3587 Porro
1168 3521 1196 3586 si
1215 3523 1418 3604 contingeret
1432 3534 1527 3582 meno·
1554 3555 1556 3562 ι

427 3636 513 3694 ratos
530 3627 646 3693 fratres
663 3629 786 3695 Domus
802 3627 933 3712 Templi
950 3625 1104 3693 edificare
1133 3623 1296 3692 londieum
1319 3619 1529 3711 Sciengoie,i11

426 3754 490 3817 quo
525 3737 634 3801 omnia
660 3735 868 3802 mercimonia
894 3734 1111 3801 venderentur
1135 3743 1166 3800 et
1202 3743 1396 3816 emerentur,
1429 3729 1526 3820 prelati

420 3843 537 3909 Abbas
552 3849 585 3910 et
602 3843 787 3911 Conventus
803 3843 836 3910 in
854 3843 925 3931 ipso
941 3841 1081 3930 londieo,
1098 3846 1130 3910 el
1147 3863 1211 3912 non
1228 3844 1262 3909 in
1287 3845 1419 3929 propria
1442 3839 1526 3916 domo,

428 3970 479 4016 res
496 3970 575 4018 snas
592 3951 733 4018 vendere
750 3959 782 4018 et
808 3971 914 4020 emere
941 3959 1137 4036 tenerentur,
1163 3951 1265 4019 libere
1290 3959 1399 4020 minen
1425 3958 1453 4016 ct
1473 3945 1527 4010 sinc
1554 4005 1556 4044 Ι

425 4058 546 4126 tributo
572 4059 695 4146 aliquo,
721 4060 804 4126 sicut
829 4060 863 4127 in
889 4059 983 4127 domo
1010 4079 1071 4127 sua
1095 4060 1294 4146 supradicta.
1323 4060 1361 4126 ln
1380 4057 1470 4125 coins
1491 4051 1527 4116 rei
1554 4071 1556 4148 r

419 4169 581 4236 noticiam
599 4175 631 4234 et
648 4168 835 4234 memoriam
856 4166 1040 4236 hahendam
1057 4169 1091 4234 in
1119 4175 1281 4253 posterum
1307 4169 1474 4252 pleniorem
1494 4157 1525 4224 ad
1554 4159 1556 4262 J

424 4296 536 4363 preces
551 4276 719 4360 utriusque
735 4276 849 4363 partis,
866 4284 1035 4362 presentes
1053 4275 1164 4343 literas
1181 4295 1239 4360 per
1266 4275 1466 4362 alphabetum
1487 4269 1523 4334 di·
1554 4263 1556 4340 ἕ

422 4385 522 4469 visas,
538 4384 639 4468 sigilli
655 4383 756 4452 nostri
774 4385 952 4452 munimine
963 4383 1111 4453 dedimus
1122 4385 1304 4451 roboratae.
1316 4384 1455 4464 Quarum
1469 4397 1531 4464 par·
1554 4365 1556 4400 ²

417 4500 484 4559 tem
512 4512 608 4558 unam
630 4491 750 4559 hahent
775 4491 938 4578 sepedicti
970 4493 1081 4560 Abbas
1111 4501 1144 4561 et
1169 4493 1364 4578 Conventus,
1391 4500 1420 4559 et
1443 4485 1520 4554 alian

411 4599 546 4668 :Domus
582 4599 718 4686 Templi.
753 4600 901 4669 Ceterum
928 4601 970 4669 ad
998 4603 1158 4669 maiorem·
1178 4602 1340 4669 cautelam
1367 4607 1398 4668 et
1421 4591 1520 4664 roboris
