3116 5186
523 407 684 505 Q

63 606 198 669 Preterea
213 603 375 686 quandam
392 611 517 688 partem
534 613 617 670 terre
643 602 691 669 illi
716 604 921 671 terminatam
954 623 1032 690 sepe
1063 603 1169 671 dictus

63 711 201 778 duettaror
215 713 256 776 ab
272 710 353 794 ipsis
370 712 478 796 precio
495 711 708 798 comparauit.
748 715 789 778 Et
806 732 903 798 super
920 719 1055 795 utroque
1080 712 1167 778 tacto

65 826 186 884 nostrum
199 821 353 886 inuocans
365 821 596 906 testimonium,
610 822 756 906 prefatos
772 822 860 887 uiros
876 827 987 888 nostra
1002 822 1119 888 statuit
1136 821 1169 886 in

24 909 26 926 ’
65 947 194 1011 persona.
217 927 358 1004 Quorum
377 931 447 1015 pari
473 929 674 996 confessione
700 949 758 996 nos
791 929 935 1015 predicte
967 929 1015 995 rei
1048 931 1166 996 seriem

62 1044 263 1119 agnoscentes,
283 1036 444 1102 bominem
464 1045 617 1120 nostrum,
634 1038 737 1121 quiin
754 1040 933 1105 uicinorum
963 1035 1170 1104 consciencia

24 1147 25 1164 ¹
62 1143 326 1226 prodictasterras
345 1146 443 1210 certis
459 1153 617 1212 metarum
649 1146 845 1235 differenoijs
878 1145 1169 1229 circumscriberet,

24 1281 26 1338 ς
61 1251 286 1317 destinauimus.
313 1253 423 1318 Prima
439 1253 540 1338 igitur
556 1265 643 1322 meta
658 1261 707 1321 est
723 1256 811 1339 apud
837 1251 998 1337 quendam
1026 1252 1167 1319 riuulum

24 1399 27 1456 μ
61 1359 105 1442 qui
119 1360 230 1425 dicitur
246 1361 428 1447 biclnicha;
454 1382 550 1446 quem
568 1364 706 1428 riuulum
724 1364 840 1429 transit
855 1364 921 1446 uia,
947 1383 968 1428 a
984 1361 1078 1429 ouius
1096 1360 1169 1446 ripn

59 1486 114 1531 ura
127 1477 171 1533 est
186 1469 299 1555 malus,
319 1473 361 1534 ab
377 1469 485 1536 altera
500 1471 597 1538 arbor
613 1491 674 1554 quc
690 1469 877 1554 Hungarice
893 1471 1011 1536 dicitur
1029 1471 1170 1557 cqurfa;

24 1595 25 1606 ¹
24 1593 118 1646 cum
134 1575 241 1642 eadem
257 1579 317 1644 uia
335 1578 513 1662 procedens
529 1598 645 1646 uersus
661 1579 820 1646 orientem
837 1579 927 1646 uenit
943 1578 987 1644 ad
1003 1578 1168 1661 quendam

24 1635 26 1732 i
24 1692 193 1769 montem,
210 1686 321 1771 ibique
337 1688 532 1772 predicta
501 1708 556 1752 ura
574 1687 720 1771 iungitur
737 1709 807 1754 cum
826 1688 902 1773 alia,
919 1686 1081 1753 etibidem
1092 1695 1167 1754 sunt

24 1769 26 1802 ¹
60 1790 110 1856 due
125 1799 201 1858 moto
216 1801 341 1860 terres·
334 1793 443 1878 ,inde
460 1796 630 1861 declinans
656 1814 771 1862 uersus
787 1797 974 1878 aquilonem
1005 1796 1096 1862 uenit
1127 1793 1170 1862 ad

59 1907 177 1965 montem
194 1901 364 1985 Jazouine,
381 1901 491 1986 ibique
508 1913 583 1970 sunt
600 1901 662 1969 due
679 1909 763 1970 mete
779 1911 893 1986 terroe,
910 1910 948 1968 et
957 1903 1064 1988 prima
1081 1910 1169 1969 meta

24 2009 26 2090 i
61 2009 220 2091 usquehuc
236 2010 347 2076 uicina
364 2016 413 2076 est
431 2016 519 2076 terra
537 2011 701 2078 Guerdiue
727 2011 786 2096 filij
813 2011 934 2077 Ladise
967 2019 999 2077 et
1030 2011 1164 2076 fratrum

24 2151 27 2230 j
61 2115 133 2199 eius3
156 2123 227 2201 post
243 2117 357 2184 latus'
350 2117 452 2202 rpsius
469 2119 588 2186 montis
603 2121 741 2186 tendens
758 2139 871 2186 uersus
897 2120 1053 2186 orientem
1079 2119 1170 2185 uenit

24 2231 26 2290 t
60 2223 94 2286 ad
108 2225 236 2289 riuutnm
255 2225 374 2290 Ribnic
374 2224 491 2311 ,apud
507 2247 601 2309 quom
617 2228 756 2294 riuulum
773 2234 823 2294 est
838 2227 910 2295 fons
928 2232 959 2294 et
990 2227 1053 2293 due
1084 2234 1169 2294 mete

24 2303 161 2411 i3terree
183 2331 259 2398 inde
277 2352 393 2399 uersus
409 2333 565 2399 orientem
582 2334 673 2399 uenit
699 2333 742 2399 ad
769 2341 858 2400 mont
860 2355 919 2417 em,
952 2333 1064 2416 ibique
1094 2342 1170 2400 sunt

24 2421 112 2544 {dum
126 2447 204 2508 mete
220 2443 362 2528 terree,'
354 2463 389 2506 rn
407 2441 524 2526 quibus
540 2451 589 2509 est
603 2465 760 2531 quereus;
753 2444 855 2510 ·inde
867 2444 1067 2512 descendens
1077 2444 1169 2511 uenit

24 2557 26 2646 t
60 2546 92 2610 ad
105 2551 249 2636 ualleur,'
241 2575 276 2618 rn
294 2572 361 2635 qua
377 2553 467 2618 ualle
484 2553 668 2636 proceditur
684 2553 727 2619 ad
745 2553 931 2640 Orapinam,
943 2560 975 2620 et
992 2552 1168 2637 usquehuc

24 2647 184 2725 amente
200 2659 254 2742 qui
272 2657 433 2725 Jazouino
449 2659 578 2744 dicitur,
610 2660 718 2728 uicina
734 2671 783 2729 est
820 2669 906 2729 terra
931 2661 1039 2728 Turde
1066 2663 1167 2728 Comi-

24 2817 26 2842 ,
62 2764 109 2846 tis;
130 2765 199 2832 rude
215 2789 312 2834 secus
330 2766 506 2854 Grapinam
525 2771 616 2836 uenit
639 2771 685 2836 ad
710 2770 828 2855 locum,
856 2771 912 2837 ubi
944 2770 1079 2858 riuulus,
1112 2773 1167 2853 qni

24 2861 26 2940 ζ
61 2871 162 2940 riuulus
176 2875 297 2941 Riutnn
313 2875 441 2964 dicitur,
458 2876 603 2961 iungitur
619 2898 689 2944 curn
718 2878 872 2964 (irapina,
906 2885 939 2944 et
971 2897 1073 2960 usque
1104 2879 1167 2943 huc

24 2975 25 2978 ’
61 2979 127 3046 ultra
142 2983 312 3068 Crapinam
329 2982 488 3068 uicinatnr
504 2993 591 3051 terra
607 2987 681 3052 Elie
706 2993 739 3052 et
763 2989 897 3070 Cosme5
922 2994 954 3052 et
986 3006 1058 3051 cum
1090 2986 1165 3070 ipsa

62 3085 180 3174 Crapina
195 3093 284 3158 uenit
300 3091 343 3156 ad
360 3093 579 3161 molendinum
596 3096 786 3182 Domozlay,
802 3095 913 3178 ibique
939 3095 1022 3158 ultra
1053 3093 1163 3179 (irapi-

24 3231 26 3288 μ
59 3214 117 3260 nan
131 3199 252 3268 accedit
268 3206 357 3266 terra
372 3201 574 3284 Hrascbine3
591 3203 666 3268 iude
682 3222 755 3268 cum
772 3202 912 3285 quodam
930 3201 1035 3266 riuulo
1047 3219 1162 3267 uersus

24 3299 236 3376 {occidentem
254 3306 346 3372 uenit
361 3308 404 3373 ad
421 3315 572 3395 montem,
590 3318 622 3375 et
639 3309 733 3374 ibi
703 3330 792 3395 pirus
808 3316 857 3377 est
872 3329 931 3393 pro
956 3315 1062 3389 meta;
1088 3306 1165 3373 inde

24 3353 27 3502 i
60 3415 133 3478 uenit
147 3414 187 3480 ad
203 3423 303 3501 caput
319 3415 418 3501 riuulj
438 3436 492 3499 qur
483 3415 624 3484 Ribine
641 3417 769 3504 dicitur,
788 3426 908 3484 etcum
925 3417 1038 3484 eodem
1055 3414 1161 3482 riuulo

24 3503 131 3589 uenit
144 3525 185 3590 ad
200 3524 398 3592 Melniebam
399 3527 608 3612 ,adrapina
624 3535 733 3593 autem
761 3547 863 3611 usque
894 3525 937 3593 ad
968 3523 1164 3591 Melnicbam

61 3629 150 3698 uicina
164 3640 212 3701 est
228 3639 316 3700 terra
332 3633 491 3701 Jobannis
507 3635 686 3720 supradicti
704 3639 736 3701 et
752 3635 834 3700 fratr
837 3657 886 3701 um
914 3655 1064 3715 suorum3
1089 3633 1166 3700 inde

59 3735 131 3806 iuxta
145 3742 339 3808 bielnicbam
368 3762 479 3809 uersus
506 3742 690 3828 aquilonem
722 3741 924 3828 protenditur
954 3742 997 3807 ad
1027 3743 1165 3827 primam

60 3853 166 3938 notam
189 3849 259 3916 Hoc
275 3849 378 3914 eciam
397 3849 576 3934 sciendum,
594 3849 682 3934 quod
698 3869 796 3934 super
812 3856 949 3934 utraque
964 3837 1063 3914 terra
1088 3845 1165 3914 tide·

24 3951 26 4020 i
60 3950 212 4023 iussoriam
229 3959 418 4024 caucioncm
436 3957 615 4042 prostiterit
630 3959 734 4025 Jaeon
760 3956 847 4023 filius
878 3955 1019 4041 Martini,
1053 3954 1164 4021 Hrane

24 4027 27 4112 i
61 4058 128 4128 ilius
143 4063 180 4131 de
194 4067 314 4150 Ragos.
339 4065 381 4130 m
397 4085 455 4131 uos
472 4065 516 4131 ad
532 4065 726 4151 peticionem
743 4066 911 4148 utriusque
944 4065 1046 4149 partis
1077 4063 1163 4130 testi·

24 4123 26 4274 i
61 4171 182 4238 nonium
197 4175 237 4240 de
253 4173 408 4260 predictis
425 4172 632 4258 perhibemus
658 4175 783 4240 duobus
816 4173 998 4239 litterarum
1030 4169 1163 4256 paribus

24 4277 254 4357 {perordinem
271 4281 406 4350 alfabeti
422 4283 562 4367 signatis
579 4289 612 4349 et
628 4303 686 4369 per
711 4281 853 4348 medium
881 4279 1006 4366 diuisis,
1040 4279 1162 4344 sactum

24 4367 185 4456 dedimus
201 4391 362 4476 annotari,
379 4397 415 4458 ut
431 4413 471 4458 ex
489 4390 668 4458 litterarum
695 4389 899 4456 conferenoia
930 4389 977 4453 rei
1008 4384 1163 4472 probacio

24 4491 145 4584 ·posrit
178 4500 320 4587 reperiri.
360 4503 480 4567 Datum
519 4520 606 4566 auno
648 4499 680 4564 M
688 4497 753 4565 ⁰00
761 4495 971 4563 οΧΧΧοΙΙΙΙο
1005 4493 1164 4561 existente

24 4601 26 4684 t
63 4597 188 4672 Secundo
211 4607 376 4693 Stephano
401 4606 612 4693 Zagrubiensi
644 4607 818 4693 Episcopo,
851 4605 982 4671 domino
1014 4599 1163 4686 Mattbya

24 4689 29 4820 i
63 4703 215 4802 Proposito,
244 4717 402 4803 Magistro
440 4717 621 4801 Pongracio
661 4713 904 4782 Archidiacono
944 4718 977 4778 et
1015 4710 1163 4797 Cantore,

154 4849 250 4893 uorum.
265 4853 346 4892 nurus.
362 4853 432 4891 mer
450 4862 495 4877 -
511 4823 1055 4894 nrrn.rrx.18
