3160 5208
13 14 445 390 ,ῳ-
566 122 569 136 1

547 357 705 456 „aa

80 553 147 620 iude
162 553 248 620 ratlit
262 550 464 638 aalapidem
484 573 539 637 per
556 559 658 620 metas
678 554 730 618 tibi
749 552 1190 619 conterminaturterreBan-
1330 635 1335 646 Ι

80 661 167 744 conis,
185 661 256 726 hinc
272 681 331 744 per
347 667 449 727 metas
466 661 644 744 procedens
664 663 916 728 conten-minatur
932 669 1016 726 terre
1027 659 1190 746 Episcopi,
1304 698 1307 710 ι

80 768 200 834 indeed
215 787 380 855 quereum,
408 766 543 838 indeed
560 767 749 834 avellanam
775 767 849 836 inde
865 768 908 833 ad
924 787 1090 852 quercum,
1116 765 1191 832 hine

14 940 20 959 ,
79 873 116 942 ad
138 893 251 958 aquam
272 876 419 960 Yclsoue,
437 875 471 940 in
487 893 554 958 qua
570 894 684 959 parum
701 875 880 961 procedens
896 874 1009 942 transit
1028 874 1071 940 ad
1087 874 1192 958 pirum

78 984 126 1048 nbi
141 990 185 1048 est
201 989 296 1070 meta,
314 982 390 1050 inde
407 983 440 1048 in
457 990 597 1049 montem
607 983 650 1048 ad
663 1002 826 1067 quereum,
838 981 957 1050 deinde
968 981 1107 1049 adriam
1117 981 1192 1049 inrle

79 1097 128 1172 pei
140 1097 239 1156 metas
258 1090 301 1156 ad
320 1088 448 1174 Hodud,
465 1090 541 1156 hinc
558 1091 591 1155 in
608 1095 746 1156 montem
762 1089 806 1157 ad
822 1091 952 1156 sorbum
978 1090 1020 1155 de
1046 1111 1110 1174 qua
1135 1111 1194 1176 per

13 1285 14 1290 ἵ
79 1197 153 1263 nam
183 1197 273 1262 radit
306 1196 349 1263 ad
381 1197 472 1280 iulia,
505 1197 581 1265 inde
612 1197 647 1264 in
677 1199 873 1280 Crauawelg
904 1197 980 1263 hinc
1005 1198 1039 1262 in
1065 1197 1192 1284 Hodusl,

79 1303 115 1368 ibi
138 1306 386 1372 conterminatur
411 1305 510 1389 priori
529 1314 615 1373 terre
640 1306 783 1374 eiusdem
802 1305 957 1391 Ecclesia,
974 1305 1016 1372 ab
1032 1305 1108 1373 inde
1137 1326 1195 1391 per

78 1419 188 1478 montes
213 1423 245 1478 et
271 1414 376 1480 colles
396 1420 427 1480 et
451 1434 511 1500 per
537 1421 645 1481 cetera
671 1417 745 1480 loca
772 1414 971 1480 transeundo
998 1433 1070 1479 cum
1097 1414 1192 1480 metis

13 1523 15 1586 i
78 1517 210 1588 aseendit
224 1519 269 1584 ad
285 1519 394 1586 locem
412 1521 498 1586 unde
515 1521 607 1605 prius
632 1528 856 1606 praecesserat
889 1526 985 1606 meta,
1018 1539 1146 1607 semper·
1173 1540 1194 1586 a

13 1707 15 1730 Ι
77 1625 185 1692 dextris
200 1627 348 1694 Ecclesia
365 1629 460 1696 metis
474 1629 728 1696 remanentibus.
762 1629 804 1696 Ut
828 1637 937 1695 autem
970 1628 1030 1694 hee
1061 1629 1191 1696 anobis

13 1759 26 1828 =¹
78 1735 174 1802 Oebnz
188 1735 280 1802 Bano
297 1735 386 1804 facta
401 1735 567 1804 restitucio
592 1747 626 1802 et
645 1737 733 1804 facta
749 1737 782 1802 in
799 1735 981 1804 Ecclesiam
998 1737 1032 1801 in
1047 1755 1194 1802 concarn-

78 1839 151 1906 bium
165 1842 387 1909 restitucionis
405 1844 543 1910 eollaeio
560 1863 619 1912 nee
635 1844 765 1928 nostris,
783 1863 842 1909 nec
866 1849 1048 1930 nostrorum
1065 1863 1189 1910 succes·
1275 1919 1279 1924 ¹

79 1969 172 2014 sorem
203 1951 406 2035 temporibus
436 1952 486 2016 vel
518 1971 576 2036 per
603 1953 729 2018 Banum
760 1951 903 2036 sireper
933 1949 1075 2034 aliquem
1094 1952 1195 2017 alium

78 2058 229 2123 ntraetari
262 2058 386 2145 valeat,
421 2068 605 2144 presentem
647 2060 866 2126 concessimus
897 2059 1051 2143 pagiuam
1095 2058 1194 2142 sigilli

79 2167 166 2232 nostri
183 2167 364 2232 munimine
379 2166 415 2231 in
441 2175 631 2252 perpetuum
658 2167 850 2234 roboratam.
869 2169 989 2232 Datum
1005 2185 1064 2251 per
1079 2185 1195 2232 manus

81 2266 151 2338 Gleti
179 2273 265 2340 Aule
298 2274 401 2358 Regio
434 2273 630 2342 Cancellarii
656 2283 688 2340 ct
720 2275 889 2359 Agriensis
920 2274 1092 2362 Prepesiti‚
1109 2293 1195 2342 anno

80 2375 235 2446 [lominica
293 2377 537 2448 incarnacionis
591 2379 769 2448 MOCXXI.
811 2381 995 2448 Venerabili
1044 2381 1195 2449 Jobanne

80 2483 282 2570 strigoniensi
295 2541 305 2574 ,
346 2488 534 2556 Reuerendo
569 2490 689 2574 Vgrino
727 2489 894 2556 Coloeensi
934 2489 1195 2576 Archiepiseopis

80 2593 294 2681 existentibus,
339 2598 509 2666 Desiderio
538 2599 723 2683 Cenadinsi,
761 2599 922 2665 Willelmo
966 2598 1197 2678 Transilrano‚

82 2701 475 2794 RobertoWesprimiensi,
484 2707 611 2774 Thoma
626 2708 787 2790 signiensi,
797 2706 962 2790 Stephano
974 2706 1196 2790 Zagrabiensi,

82 2811 254 2878 Alexandro
284 2813 501 2898 Waradiensi,
546 2814 773 2881 Bartholomeo
797 2813 1137 2898 Quinqueeeelesiensi
1164 2823 1196 2880 et
1234 2833 1238 2842 ·

81 2917 143 2984 aliis
172 2919 346 3005 Episcopis
380 2922 543 2988 Ecclesiae
575 2921 716 2988 feliciter
748 2923 1014 3006 gubernantibus.
1056 2921 1193 2988 Nicolao

82 3023 219 3094 Palatino
237 3034 269 3094 et
282 3025 406 3093 Gemite
418 3027 642 3114 Suprnniensi,
654 3026 766 3094 Ochuz
784 3029 884 3114 Bano,
901 3027 1195 3115 PauloVoywoda,

83 3131 146 3198 lula
162 3133 288 3200 cumali
307 3132 431 3202 Gemite
457 3137 581 3220 Regiae
597 3143 631 3202 et
646 3136 769 3203 Comito
787 3135 1014 3221 Budrugiensi,
1041 3136 1199 3220 Dyonisio

83 3238 222 3324 llagistro
238 3243 508 3310 Tarvarnieorum
525 3253 557 3309 et
587 3243 710 3310 Gemite
735 3243 922 3324 Baebiensi,
949 3244 1105 3308 sannone
1137 3245 1197 3310 Cu·

84 3346 144 3413 riali
167 3349 293 3417 Comite
318 3349 417 3433 Regis
434 3358 465 3415 et
491 3351 612 3418 Gemite
638 3350 783 3436 Albensi,
813 3351 976 3418 Demetrio
1003 3351 1196 3418 Senesealeo
1262 3363 1265 3374 ’

85 3461 110 3518 et
135 3455 253 3524 Comite
287 3457 529 3544 Woswariensi,
578 3459 755 3526 Laurcnoio
788 3457 853 3523 filio
886 3458 996 3524 Ochus
1043 3460 1199 3542 Magistro

85 3559 302 3630 Pinecrnarnm
335 3573 367 3631 et
383 3565 507 3632 Gemite
524 3565 707 3635 Keweiensi
724 3566 951 3633 existentibus.
978 3568 1081 3651 Regni
1099 3569 1198 3635 nostri

86 3685 157 3736 anno
172 3671 295 3739 XVlll.

87 3861 231 3934 materies,
251 3871 377 3922 Menum.
397 3873 533 3924 historica
553 3873 740 3936 Episcopatus
760 3873 959 3938 Zagrabiensis
981 3875 1003 3924 1.
1028 3875 1086 3924 kut.
1111 3881 1153 3925 ta.
1169 3877 1198 3939 l.)

505 4163 519 4170 ι-
530 4163 738 4170 --u—-a—-w—
748 4163 769 4168 --
