<?xml version="1.0" encoding="UTF-8"?>
<!DOCTYPE html PUBLIC "-//W3C//DTD XHTML 1.0 Transitional//EN"
    "http://www.w3.org/TR/xhtml1/DTD/xhtml1-transitional.dtd">
<html xmlns="http://www.w3.org/1999/xhtml" xml:lang="en" lang="en">
 <head>
  <title>
</title>
<meta http-equiv="Content-Type" content="text/html;charset=utf-8" />
  <meta name='ocr-system' content='tesseract 3.04.00' />
  <meta name='ocr-capabilities' content='ocr_page ocr_carea ocr_par ocr_line ocrx_word'/>
</head>
<body>
  <div class='ocr_page' id='page_1' title='image "./codexdiplomatic01wenzgoog_0499.png"; bbox 0 0 3184 5186; ppageno 0'>
   <div class='ocr_carea' id='block_1_1' title="bbox 580 297 761 452">
    <p class='ocr_par' dir='ltr' id='par_1_1' title="bbox 580 297 761 452">
     <span class='ocr_line' id='line_1_1' title="bbox 580 297 761 452; baseline 0.011 -1"><span class='ocrx_word' id='word_1_1' title='bbox 580 297 761 452; x_wconf 54' lang='lat' dir='ltr'><strong>Am..</strong></span> 
     </span>
    </p>
   </div>
   <div class='ocr_carea' id='block_1_2' title="bbox 123 539 1248 630">
    <p class='ocr_par' dir='ltr' id='par_1_2' title="bbox 123 539 1248 630">
     <span class='ocr_line' id='line_1_2' title="bbox 123 539 1248 630; baseline 0.005 -23"><span class='ocrx_word' id='word_1_2' title='bbox 123 539 220 626; x_wconf 79' lang='lat' dir='ltr'><strong>sigillo</strong></span> <span class='ocrx_word' id='word_1_3' title='bbox 237 549 346 610; x_wconf 90' lang='lat' dir='ltr'><strong>nostro</strong></span> <span class='ocrx_word' id='word_1_4' title='bbox 365 551 432 610; x_wconf 83' lang='lat' dir='ltr'><strong>tam</strong></span> <span class='ocrx_word' id='word_1_5' title='bbox 449 544 547 630; x_wconf 77' lang='lat' dir='ltr'><strong>Beni,</strong></span> <span class='ocrx_word' id='word_1_6' title='bbox 579 565 675 629; x_wconf 83' lang='lat' dir='ltr'><strong>quem</strong></span> <span class='ocrx_word' id='word_1_7' title='bbox 691 554 877 613; x_wconf 84' lang='lat' dir='ltr'><strong>nostrarum</strong></span> <span class='ocrx_word' id='word_1_8' title='bbox 906 549 1022 614; x_wconf 87' lang='lat' dir='ltr'><strong>seriem</strong></span> <span class='ocrx_word' id='word_1_9' title='bbox 1054 543 1248 616; x_wconf 84' lang='lat' dir='ltr'><strong>litterarum.</strong></span> 
     </span>
    </p>
   </div>
   <div class='ocr_carea' id='block_1_3' title="bbox 18 646 1248 844">
    <p class='ocr_par' dir='ltr' id='par_1_3' title="bbox 18 646 1248 844">
     <span class='ocr_line' id='line_1_3' title="bbox 18 646 1248 750; baseline 0.004 -34"><span class='ocrx_word' id='word_1_10' title='bbox 18 689 28 750; x_wconf 25' lang='grc' dir='ltr'><strong>ξ,</strong></span> <span class='ocrx_word' id='word_1_11' title='bbox 127 646 208 725; x_wconf 78' lang='lat' dir='ltr'><strong>Quas</strong></span> <span class='ocrx_word' id='word_1_12' title='bbox 224 654 351 734; x_wconf 82' lang='lat' dir='ltr'><strong>nostras</strong></span> <span class='ocrx_word' id='word_1_13' title='bbox 365 648 493 718; x_wconf 85' lang='lat' dir='ltr'><strong>litteras</strong></span> <span class='ocrx_word' id='word_1_14' title='bbox 508 651 615 720; x_wconf 89' lang='lat' dir='ltr'><strong>dictus</strong></span> <span class='ocrx_word' id='word_1_15' title='bbox 640 655 763 740; x_wconf 86' lang='lat' dir='ltr'><strong>Bunus,</strong></span> <span class='ocrx_word' id='word_1_16' title='bbox 795 654 879 721; x_wconf 88' lang='lat' dir='ltr'><strong>sicut</strong></span> <span class='ocrx_word' id='word_1_17' title='bbox 895 655 1035 740; x_wconf 79' lang='lat' dir='ltr'><strong>scripsit,</strong></span> <span class='ocrx_word' id='word_1_18' title='bbox 1068 659 1248 722; x_wconf 72' lang='lat' dir='ltr'><strong>attrectans</strong></span> 
     </span>
     <span class='ocr_line' id='line_1_4' title="bbox 18 757 1242 844; baseline 0.007 -25"><span class='ocrx_word' id='word_1_19' title='bbox 18 789 20 796; x_wconf 70' lang='lat'><em>,</em></span> <span class='ocrx_word' id='word_1_20' title='bbox 122 757 244 822; x_wconf 85' lang='lat' dir='ltr'><strong>incante</strong></span> <span class='ocrx_word' id='word_1_21' title='bbox 259 774 338 824; x_wconf 85' lang='lat' dir='ltr'><strong>casu</strong></span> <span class='ocrx_word' id='word_1_22' title='bbox 354 757 537 828; x_wconf 83' lang='lat' dir='ltr'><strong>laniaueret</strong></span> <span class='ocrx_word' id='word_1_23' title='bbox 553 760 731 829; x_wconf 85' lang='lat' dir='ltr'><strong>accidente.</strong></span> <span class='ocrx_word' id='word_1_24' title='bbox 750 761 872 828; x_wconf 84' lang='lat' dir='ltr'><strong>Datum</strong></span> <span class='ocrx_word' id='word_1_25' title='bbox 889 780 947 844; x_wconf 90' lang='lat' dir='ltr'><strong>per</strong></span> <span class='ocrx_word' id='word_1_26' title='bbox 962 781 1078 830; x_wconf 85' lang='lat' dir='ltr'><strong>munus</strong></span> <span class='ocrx_word' id='word_1_27' title='bbox 1093 761 1242 844; x_wconf 80' lang='lat' dir='ltr'><strong>Magistri</strong></span> 
     </span>
    </p>
   </div>
   <div class='ocr_carea' id='block_1_4' title="bbox 126 861 1250 949">
    <p class='ocr_par' dir='ltr' id='par_1_4' title="bbox 18 845 1250 949">
     <span class='ocr_line' id='line_1_5' title="bbox 126 861 1250 949; baseline 0.01 -23.948"><span class='ocrx_word' id='word_1_28' title='bbox 126 861 297 949; x_wconf 79' lang='lat' dir='ltr'><strong>Mychaelis</strong></span> <span class='ocrx_word' id='word_1_29' title='bbox 313 863 458 933; x_wconf 73' lang='lat' dir='ltr'><strong>Iuectoris</strong></span> <span class='ocrx_word' id='word_1_30' title='bbox 477 867 622 935; x_wconf 77' lang='lat' dir='ltr'><strong>Ecclesie</strong></span> <span class='ocrx_word' id='word_1_31' title='bbox 638 876 748 936; x_wconf 86' lang='lat' dir='ltr'><strong>nostre</strong></span> <span class='ocrx_word' id='word_1_32' title='bbox 763 887 850 936; x_wconf 88' lang='lat' dir='ltr'><strong>auno</strong></span> <span class='ocrx_word' id='word_1_33' title='bbox 866 869 909 935; x_wconf 92' lang='lat' dir='ltr'><strong>ab</strong></span> <span class='ocrx_word' id='word_1_34' title='bbox 925 868 1158 938; x_wconf 81' lang='lat' dir='ltr'><strong>incarnacione</strong></span> <span class='ocrx_word' id='word_1_35' title='bbox 1182 869 1250 936; x_wconf 89' lang='lat' dir='ltr'><strong>Do·</strong></span> 
     </span>
    </p>
   </div>
   <div class='ocr_carea' id='block_1_5' title="bbox 18 969 523 1066">
    <p class='ocr_par' dir='ltr' id='par_1_5' title="bbox 18 969 523 1066">
     <span class='ocr_line' id='line_1_6' title="bbox 18 969 523 1066; baseline 0.016 -34"><span class='ocrx_word' id='word_1_36' title='bbox 18 1041 20 1066; x_wconf 11' lang='grc' dir='ltr'>ᾖ</span> <span class='ocrx_word' id='word_1_37' title='bbox 123 969 196 1036; x_wconf 92' lang='lat' dir='ltr'><strong>mini</strong></span> <span class='ocrx_word' id='word_1_38' title='bbox 210 969 379 1038; x_wconf 80' lang='lat' dir='ltr'><strong>M⁰GG⁰L⁰</strong></span> <span class='ocrx_word' id='word_1_39' title='bbox 397 980 523 1042; x_wconf 83' lang='lat' dir='ltr'><strong>octauo.</strong></span> 
     </span>
    </p>
   </div>
   <div class='ocr_carea' id='block_1_6' title="bbox 18 1166 1241 1242">
    <p class='ocr_par' dir='ltr' id='par_1_6' title="bbox 18 1166 1241 1242">
     <span class='ocr_line' id='line_1_7' title="bbox 18 1166 1241 1242; baseline 0.008 -25"><span class='ocrx_word' id='word_1_40' title='bbox 18 1205 20 1222; x_wconf 77' lang='grc'>,</span> <span class='ocrx_word' id='word_1_41' title='bbox 125 1166 258 1224; x_wconf 75' lang='lat' dir='ltr'><strong>(Eredetie</strong></span> <span class='ocrx_word' id='word_1_42' title='bbox 275 1168 460 1236; x_wconf 78' lang='lat' dir='ltr'><strong>borhtrtydu,</strong></span> <span class='ocrx_word' id='word_1_43' title='bbox 491 1171 612 1236; x_wconf 83' lang='lat' dir='ltr'><strong>melyrdl</strong></span> <span class='ocrx_word' id='word_1_44' title='bbox 632 1187 649 1224; x_wconf 83' lang='lat' dir='ltr'><strong>a</strong></span> <span class='ocrx_word' id='word_1_45' title='bbox 666 1173 762 1238; x_wconf 80' lang='lat' dir='ltr'><strong>peestt</strong></span> <span class='ocrx_word' id='word_1_46' title='bbox 791 1175 971 1242; x_wconf 72' lang='lat' dir='ltr'><strong>noros-stupa</strong></span> <span class='ocrx_word' id='word_1_47' title='bbox 1003 1175 1241 1242; x_wconf 82' lang='lat' dir='ltr'><strong>selyemzsindron</strong></span> 
     </span>
    </p>
   </div>
   <div class='ocr_carea' id='block_1_7' title="bbox 218 1257 1154 1329">
    <p class='ocr_par' dir='ltr' id='par_1_7' title="bbox 218 1257 1154 1329">
     <span class='ocr_line' id='line_1_8' title="bbox 218 1257 1154 1329; baseline 0.011 -22"><span class='ocrx_word' id='word_1_48' title='bbox 218 1257 307 1324; x_wconf 79' lang='lat' dir='ltr'><strong>iiigg;</strong></span> <span class='ocrx_word' id='word_1_49' title='bbox 338 1273 356 1310; x_wconf 83' lang='lat' dir='ltr'><strong>a</strong></span> <span class='ocrx_word' id='word_1_50' title='bbox 374 1259 482 1312; x_wconf 76' lang='lat' dir='ltr'><strong>iomtlt.</strong></span> <span class='ocrx_word' id='word_1_51' title='bbox 501 1259 621 1329; x_wconf 78' lang='lat' dir='ltr'><strong>herczeg</strong></span> <span class='ocrx_word' id='word_1_52' title='bbox 638 1262 810 1328; x_wconf 74' lang='lat' dir='ltr'><strong>Esuterhdzy</strong></span> <span class='ocrx_word' id='word_1_53' title='bbox 829 1263 924 1319; x_wconf 73' lang='lat' dir='ltr'><strong>ceuldd</strong></span> <span class='ocrx_word' id='word_1_54' title='bbox 941 1263 1154 1328; x_wconf 68' lang='lat' dir='ltr'><strong>revertentem.)</strong></span> 
     </span>
    </p>
   </div>
   <div class='ocr_carea' id='block_1_8' title="bbox 549 1546 818 1560">
    <p class='ocr_par' dir='ltr' id='par_1_8' title="bbox 549 1546 818 1560">
     <span class='ocr_line' id='line_1_9' title="bbox 549 1546 818 1560; baseline 0.019 -4"><span class='ocrx_word' id='word_1_55' title='bbox 549 1546 818 1560; x_wconf 51' lang='lat' dir='ltr'><strong>m</strong></span> 
     </span>
    </p>
   </div>
   <div class='ocr_carea' id='block_1_9' title="bbox 647 2079 722 2149">
    <p class='ocr_par' dir='ltr' id='par_1_9' title="bbox 647 2079 722 2149">
     <span class='ocr_line' id='line_1_10' title="bbox 647 2079 722 2149; baseline 0.013 -2"><span class='ocrx_word' id='word_1_56' title='bbox 647 2079 722 2149; x_wconf 84' lang='lat' dir='ltr'><strong>elo.</strong></span> 
     </span>
    </p>
   </div>
   <div class='ocr_carea' id='block_1_10' title="bbox 18 2268 1250 2480">
    <p class='ocr_par' dir='ltr' id='par_1_10' title="bbox 18 2231 1250 2480">
     <span class='ocr_line' id='line_1_11' title="bbox 124 2268 1250 2380; baseline 0.024 -47.505"><span class='ocrx_word' id='word_1_57' title='bbox 124 2268 352 2356; x_wconf 69' lang='lat' dir='ltr'><strong>Napprzomtae</strong></span> <span class='ocrx_word' id='word_1_58' title='bbox 367 2279 465 2341; x_wconf 74' lang='lat' dir='ltr'><strong>edroi</strong></span> <span class='ocrx_word' id='word_1_59' title='bbox 479 2273 708 2364; x_wconf 74' lang='lat' dir='ltr'><strong>datdedpduclt</strong></span> <span class='ocrx_word' id='word_1_60' title='bbox 723 2279 824 2364; x_wconf 69' lang='lat' dir='ltr'><strong>laete,</strong></span> <span class='ocrx_word' id='word_1_61' title='bbox 839 2279 917 2368; x_wconf 61' lang='lat' dir='ltr'><strong>&#39;copy</strong></span> <span class='ocrx_word' id='word_1_62' title='bbox 935 2280 1050 2371; x_wconf 79' lang='lat' dir='ltr'><strong>Ortols</strong></span> <span class='ocrx_word' id='word_1_63' title='bbox 1061 2292 1164 2356; x_wconf 72' lang='lat' dir='ltr'><strong>odoni</strong></span> <span class='ocrx_word' id='word_1_64' title='bbox 1173 2295 1250 2380; x_wconf 78' lang='lat' dir='ltr'><strong>poi·</strong></span> 
     </span>
     <span class='ocr_line' id='line_1_12' title="bbox 18 2363 1246 2480; baseline 0.024 -44"><span class='ocrx_word' id='word_1_65' title='bbox 18 2363 21 2456; x_wconf 71' lang='grc' dir='ltr'>ξ</span> <span class='ocrx_word' id='word_1_66' title='bbox 122 2381 178 2460; x_wconf 71' lang='lat' dir='ltr'><strong>ydr</strong></span> <span class='ocrx_word' id='word_1_67' title='bbox 192 2377 341 2467; x_wconf 71' lang='lat' dir='ltr'><strong>bicorpor</strong></span> <span class='ocrx_word' id='word_1_68' title='bbox 347 2380 460 2467; x_wconf 72' lang='lat' dir='ltr'><strong>satec</strong></span> <span class='ocrx_word' id='word_1_69' title='bbox 477 2383 597 2450; x_wconf 77' lang='lat' dir='ltr'><strong>etcdott</strong></span> <span class='ocrx_word' id='word_1_70' title='bbox 613 2405 652 2450; x_wconf 79' lang='lat' dir='ltr'><strong>aa</strong></span> <span class='ocrx_word' id='word_1_71' title='bbox 677 2389 863 2472; x_wconf 73' lang='lat' dir='ltr'><strong>meterpumi</strong></span> <span class='ocrx_word' id='word_1_72' title='bbox 885 2389 1121 2480; x_wconf 65' lang='lat' dir='ltr'><strong>aspectamus.</strong></span> <span class='ocrx_word' id='word_1_73' title='bbox 1145 2399 1246 2467; x_wconf 86' lang='lat'><strong><em>1258.</em></strong></span> 
     </span>
    </p>
   </div>
   <div class='ocr_carea' id='block_1_11' title="bbox 18 2572 1248 3211">
    <p class='ocr_par' dir='ltr' id='par_1_11' title="bbox 18 2572 1248 3211">
     <span class='ocr_line' id='line_1_13' title="bbox 224 2572 1248 2664; baseline 0.023 -24"><span class='ocrx_word' id='word_1_74' title='bbox 224 2572 295 2642; x_wconf 85' lang='lat' dir='ltr'><strong>Nos</strong></span> <span class='ocrx_word' id='word_1_75' title='bbox 311 2574 346 2643; x_wconf 80' lang='lat' dir='ltr'><strong>O.</strong></span> <span class='ocrx_word' id='word_1_76' title='bbox 363 2573 500 2644; x_wconf 74' lang='lat' dir='ltr'>villicus</span> <span class='ocrx_word' id='word_1_77' title='bbox 516 2575 558 2644; x_wconf 88' lang='lat' dir='ltr'><strong>de</strong></span> <span class='ocrx_word' id='word_1_78' title='bbox 589 2577 691 2647; x_wconf 81' lang='lat' dir='ltr'><strong>&#39;lima</strong></span> <span class='ocrx_word' id='word_1_79' title='bbox 720 2599 761 2646; x_wconf 80' lang='lat' dir='ltr'><strong>ac</strong></span> <span class='ocrx_word' id='word_1_80' title='bbox 791 2582 879 2651; x_wconf 88' lang='lat' dir='ltr'><strong>ciues</strong></span> <span class='ocrx_word' id='word_1_81' title='bbox 911 2583 1054 2656; x_wconf 84' lang='lat' dir='ltr'><strong>eiusdem</strong></span> <span class='ocrx_word' id='word_1_82' title='bbox 1086 2594 1248 2664; x_wconf 83' lang='lat' dir='ltr'><strong>uniuersis</strong></span> 
     </span>
     <span class='ocr_line' id='line_1_14' title="bbox 18 2665 1244 2786; baseline 0.025 -45"><span class='ocrx_word' id='word_1_83' title='bbox 18 2665 20 2686; x_wconf 72' lang='grc'>’</span> <span class='ocrx_word' id='word_1_84' title='bbox 123 2676 235 2746; x_wconf 78' lang='lat' dir='ltr'><strong>Christi</strong></span> <span class='ocrx_word' id='word_1_85' title='bbox 249 2681 415 2767; x_wconf 86' lang='lat' dir='ltr'><strong>fidelibus,</strong></span> <span class='ocrx_word' id='word_1_86' title='bbox 448 2683 492 2749; x_wconf 85' lang='lat' dir='ltr'><strong>ad</strong></span> <span class='ocrx_word' id='word_1_87' title='bbox 508 2703 589 2768; x_wconf 87' lang='lat' dir='ltr'><strong>qnos</strong></span> <span class='ocrx_word' id='word_1_88' title='bbox 604 2685 711 2754; x_wconf 87' lang='lat' dir='ltr'><strong>littere</strong></span> <span class='ocrx_word' id='word_1_89' title='bbox 727 2695 897 2772; x_wconf 75' lang='lat' dir='ltr'><strong>presentes</strong></span> <span class='ocrx_word' id='word_1_90' title='bbox 912 2699 1129 2786; x_wconf 81' lang='lat' dir='ltr'><strong>peruenerint,</strong></span> <span class='ocrx_word' id='word_1_91' title='bbox 1160 2703 1244 2771; x_wconf 82' lang='lat' dir='ltr'><strong>salu·</strong></span> 
     </span>
     <span class='ocr_line' id='line_1_15' title="bbox 125 2787 1247 2881; baseline 0.027 -33"><span class='ocrx_word' id='word_1_92' title='bbox 125 2788 182 2851; x_wconf 87' lang='lat' dir='ltr'><strong>tem</strong></span> <span class='ocrx_word' id='word_1_93' title='bbox 198 2787 231 2852; x_wconf 94' lang='lat' dir='ltr'><strong>in</strong></span> <span class='ocrx_word' id='word_1_94' title='bbox 246 2788 399 2855; x_wconf 88' lang='lat' dir='ltr'><strong>Domino.</strong></span> <span class='ocrx_word' id='word_1_95' title='bbox 422 2788 585 2859; x_wconf 81' lang='lat' dir='ltr'><strong>Nouen‘nt</strong></span> <span class='ocrx_word' id='word_1_96' title='bbox 600 2791 764 2879; x_wconf 62' lang='lat' dir='ltr'><strong>uniuersi„</strong></span> <span class='ocrx_word' id='word_1_97' title='bbox 787 2796 874 2881; x_wconf 89' lang='lat' dir='ltr'><strong>quod</strong></span> <span class='ocrx_word' id='word_1_98' title='bbox 889 2801 1057 2870; x_wconf 88' lang='lat' dir='ltr'><strong>constituti</strong></span> <span class='ocrx_word' id='word_1_99' title='bbox 1073 2806 1106 2872; x_wconf 92' lang='lat' dir='ltr'><strong>in</strong></span> <span class='ocrx_word' id='word_1_100' title='bbox 1133 2816 1247 2878; x_wconf 87' lang='lat' dir='ltr'><strong>nostra</strong></span> 
     </span>
     <span class='ocr_line' id='line_1_16' title="bbox 124 2879 1246 2985; baseline 0.029 -31"><span class='ocrx_word' id='word_1_101' title='bbox 124 2879 286 2975; x_wconf 85' lang='lat' dir='ltr'><strong>presencia</strong></span> <span class='ocrx_word' id='word_1_102' title='bbox 302 2893 447 2964; x_wconf 87' lang='lat' dir='ltr'><strong>Ortolius</strong></span> <span class='ocrx_word' id='word_1_103' title='bbox 462 2895 548 2964; x_wconf 89' lang='lat' dir='ltr'><strong>filius</strong></span> <span class='ocrx_word' id='word_1_104' title='bbox 561 2897 765 2967; x_wconf 84' lang='lat' dir='ltr'><strong>Embcrhalti</strong></span> <span class='ocrx_word' id='word_1_105' title='bbox 796 2901 938 2972; x_wconf 88' lang='lat' dir='ltr'><strong>conuiuis</strong></span> <span class='ocrx_word' id='word_1_106' title='bbox 968 2915 1078 2977; x_wconf 89' lang='lat' dir='ltr'><strong>noster</strong></span> <span class='ocrx_word' id='word_1_107' title='bbox 1108 2933 1149 2981; x_wconf 81' lang='lat' dir='ltr'><strong>en</strong></span> <span class='ocrx_word' id='word_1_108' title='bbox 1181 2935 1246 2985; x_wconf 84' lang='lat' dir='ltr'><strong>vna</strong></span> 
     </span>
     <span class='ocr_line' id='line_1_17' title="bbox 18 3001 1246 3092; baseline 0.024 -31"><span class='ocrx_word' id='word_1_109' title='bbox 18 3043 20 3080; x_wconf 65' lang='grc'>,</span> <span class='ocrx_word' id='word_1_110' title='bbox 128 3005 224 3087; x_wconf 86' lang='lat' dir='ltr'><strong>parte,</strong></span> <span class='ocrx_word' id='word_1_111' title='bbox 257 3001 360 3068; x_wconf 84' lang='lat' dir='ltr'><strong>Vitka</strong></span> <span class='ocrx_word' id='word_1_112' title='bbox 374 3003 545 3072; x_wconf 86' lang='lat' dir='ltr'><strong>secerdote</strong></span> <span class='ocrx_word' id='word_1_113' title='bbox 560 3011 596 3072; x_wconf 89' lang='lat' dir='ltr'><strong>et</strong></span> <span class='ocrx_word' id='word_1_114' title='bbox 610 3004 769 3092; x_wconf 80' lang='lat' dir='ltr'><strong>Magistro</strong></span> <span class='ocrx_word' id='word_1_115' title='bbox 785 3007 944 3077; x_wconf 85' lang='lat' dir='ltr'><strong>Haimone</strong></span> <span class='ocrx_word' id='word_1_116' title='bbox 961 3012 1134 3088; x_wconf 77' lang='lat' dir='ltr'><strong>canonicis</strong></span> <span class='ocrx_word' id='word_1_117' title='bbox 1165 3021 1246 3090; x_wconf 81' lang='lat' dir='ltr'><strong>Stri-</strong></span> 
     </span>
     <span class='ocr_line' id='line_1_18' title="bbox 18 3085 1245 3211; baseline 0.024 -42"><span class='ocrx_word' id='word_1_118' title='bbox 18 3085 20 3108; x_wconf 53' lang='lat'><em>¹</em></span> <span class='ocrx_word' id='word_1_119' title='bbox 127 3108 330 3188; x_wconf 80' lang='lat' dir='ltr'><strong>gonieusibne</strong></span> <span class='ocrx_word' id='word_1_120' title='bbox 347 3109 478 3177; x_wconf 88' lang='lat' dir='ltr'><strong>nominc</strong></span> <span class='ocrx_word' id='word_1_121' title='bbox 495 3109 639 3198; x_wconf 74' lang='lat' dir='ltr'><strong>Capituli</strong></span> <span class='ocrx_word' id='word_1_122' title='bbox 655 3111 798 3181; x_wconf 83' lang='lat' dir='ltr'><strong>eiusdem</strong></span> <span class='ocrx_word' id='word_1_123' title='bbox 814 3115 961 3187; x_wconf 79' lang='lat' dir='ltr'><strong>Ecclesie</strong></span> <span class='ocrx_word' id='word_1_124' title='bbox 977 3139 1017 3186; x_wconf 85' lang='lat' dir='ltr'><strong>ex</strong></span> <span class='ocrx_word' id='word_1_125' title='bbox 1032 3123 1144 3211; x_wconf 85' lang='lat' dir='ltr'><strong>altera,</strong></span> <span class='ocrx_word' id='word_1_126' title='bbox 1159 3129 1245 3198; x_wconf 90' lang='lat' dir='ltr'><strong>idem</strong></span> 
     </span>
    </p>
   </div>
   <div class='ocr_carea' id='block_1_12' title="bbox 18 3208 1574 3521">
    <p class='ocr_par' dir='ltr' id='par_1_12' title="bbox 18 3195 1574 3521">
     <span class='ocr_line' id='line_1_19' title="bbox 18 3208 1574 3332; baseline 0.021 -55"><span class='ocrx_word' id='word_1_127' title='bbox 18 3247 20 3310; x_wconf 63' lang='lat'>3</span> <span class='ocrx_word' id='word_1_128' title='bbox 124 3208 260 3282; x_wconf 82' lang='lat' dir='ltr'><strong>Ortolius</strong></span> <span class='ocrx_word' id='word_1_129' title='bbox 277 3217 449 3302; x_wconf 81' lang='lat' dir='ltr'><strong>proposuit</strong></span> <span class='ocrx_word' id='word_1_130' title='bbox 466 3236 577 3285; x_wconf 86' lang='lat' dir='ltr'><strong>corum</strong></span> <span class='ocrx_word' id='word_1_131' title='bbox 592 3219 697 3302; x_wconf 88' lang='lat' dir='ltr'><strong>uobis,</strong></span> <span class='ocrx_word' id='word_1_132' title='bbox 729 3221 817 3304; x_wconf 88' lang='lat' dir='ltr'><strong>quod</strong></span> <span class='ocrx_word' id='word_1_133' title='bbox 832 3226 996 3306; x_wconf 84' lang='lat' dir='ltr'><strong>quandam</strong></span> <span class='ocrx_word' id='word_1_134' title='bbox 1013 3237 1133 3300; x_wconf 84' lang='lat' dir='ltr'><strong>turrem</strong></span> <span class='ocrx_word' id='word_1_135' title='bbox 1160 3240 1245 3306; x_wconf 91' lang='lat' dir='ltr'><strong>orrci</strong></span> <span class='ocrx_word' id='word_1_136' title='bbox 1505 3229 1574 3332; x_wconf 59' lang='lat' dir='ltr'><strong>‘ij</strong></span> 
     </span>
     <span class='ocr_line' id='line_1_20' title="bbox 18 3321 1526 3413; baseline 0.021 -28"><span class='ocrx_word' id='word_1_137' title='bbox 18 3329 20 3372; x_wconf 88' lang='lat'>:</span> <span class='ocrx_word' id='word_1_138' title='bbox 127 3321 174 3386; x_wconf 90' lang='lat' dir='ltr'><strong>sui</strong></span> <span class='ocrx_word' id='word_1_139' title='bbox 189 3327 332 3408; x_wconf 79' lang='lat' dir='ltr'><strong>emptam</strong></span> <span class='ocrx_word' id='word_1_140' title='bbox 349 3342 370 3390; x_wconf 85' lang='lat' dir='ltr'><strong>a</strong></span> <span class='ocrx_word' id='word_1_141' title='bbox 386 3323 511 3392; x_wconf 84' lang='lat' dir='ltr'><strong>Hainou</strong></span> <span class='ocrx_word' id='word_1_142' title='bbox 527 3324 659 3412; x_wconf 82' lang='lat' dir='ltr'><strong>Vngaro</strong></span> <span class='ocrx_word' id='word_1_143' title='bbox 675 3328 809 3397; x_wconf 88' lang='lat' dir='ltr'><strong>concino</strong></span> <span class='ocrx_word' id='word_1_144' title='bbox 823 3338 932 3400; x_wconf 89' lang='lat' dir='ltr'><strong>nostro</strong></span> <span class='ocrx_word' id='word_1_145' title='bbox 963 3343 1055 3405; x_wconf 84' lang='lat' dir='ltr'><strong>extra</strong></span> <span class='ocrx_word' id='word_1_146' title='bbox 1085 3339 1244 3413; x_wconf 82' lang='lat' dir='ltr'><strong>fossatum</strong></span> <span class='ocrx_word' id='word_1_147' title='bbox 1524 3343 1526 3352; x_wconf 78' lang='grc'>’</span> 
     </span>
     <span class='ocr_line' id='line_1_21' title="bbox 18 3423 1246 3521; baseline 0.024 -31"><span class='ocrx_word' id='word_1_148' title='bbox 18 3423 20 3464; x_wconf 58' lang='lat' dir='ltr'><strong>i</strong></span> <span class='ocrx_word' id='word_1_149' title='bbox 123 3425 321 3514; x_wconf 82' lang='lat' dir='ltr'><strong>existentem,</strong></span> <span class='ocrx_word' id='word_1_150' title='bbox 337 3427 423 3497; x_wconf 90' lang='lat' dir='ltr'><strong>inter</strong></span> <span class='ocrx_word' id='word_1_151' title='bbox 437 3436 541 3501; x_wconf 86' lang='lat' dir='ltr'><strong>terrae</strong></span> <span class='ocrx_word' id='word_1_152' title='bbox 557 3432 667 3500; x_wconf 80' lang='lat' dir='ltr'><strong>chone</strong></span> <span class='ocrx_word' id='word_1_153' title='bbox 682 3436 843 3518; x_wconf 85' lang='lat' dir='ltr'><strong>quondam</strong></span> <span class='ocrx_word' id='word_1_154' title='bbox 859 3438 967 3508; x_wconf 87' lang='lat' dir='ltr'><strong>Viliioi</strong></span> <span class='ocrx_word' id='word_1_155' title='bbox 992 3443 1034 3510; x_wconf 88' lang='lat' dir='ltr'><strong>de</strong></span> <span class='ocrx_word' id='word_1_156' title='bbox 1066 3446 1147 3516; x_wconf 80' lang='lat' dir='ltr'><strong>villa</strong></span> <span class='ocrx_word' id='word_1_157' title='bbox 1179 3451 1246 3521; x_wconf 81' lang='lat' dir='ltr'><strong>uie-</strong></span> 
     </span>
    </p>
   </div>
   <div class='ocr_carea' id='block_1_13' title="bbox 18 3535 1247 3745">
    <p class='ocr_par' dir='ltr' id='par_1_13' title="bbox 18 3535 1247 3745">
     <span class='ocr_line' id='line_1_22' title="bbox 18 3535 1247 3638; baseline 0.024 -41"><span class='ocrx_word' id='word_1_158' title='bbox 18 3557 21 3634; x_wconf 59' lang='lat' dir='ltr'>f</span> <span class='ocrx_word' id='word_1_159' title='bbox 127 3553 207 3620; x_wconf 79' lang='lat' dir='ltr'><strong>gere,</strong></span> <span class='ocrx_word' id='word_1_160' title='bbox 224 3541 257 3602; x_wconf 87' lang='lat' dir='ltr'><strong>et</strong></span> <span class='ocrx_word' id='word_1_161' title='bbox 271 3535 379 3620; x_wconf 85' lang='lat' dir='ltr'><strong>Helye</strong></span> <span class='ocrx_word' id='word_1_162' title='bbox 394 3537 519 3622; x_wconf 69' lang='lat' dir='ltr'><strong>Vngari</strong></span> <span class='ocrx_word' id='word_1_163' title='bbox 536 3561 577 3607; x_wconf 86' lang='lat' dir='ltr'><strong>ex</strong></span> <span class='ocrx_word' id='word_1_164' title='bbox 591 3548 686 3627; x_wconf 87' lang='lat' dir='ltr'><strong>parte</strong></span> <span class='ocrx_word' id='word_1_165' title='bbox 701 3562 785 3612; x_wconf 89' lang='lat' dir='ltr'><strong>uoue</strong></span> <span class='ocrx_word' id='word_1_166' title='bbox 800 3545 1031 3638; x_wconf 85' lang='lat' dir='ltr'><strong>plantacionis,</strong></span> <span class='ocrx_word' id='word_1_167' title='bbox 1047 3556 1247 3628; x_wconf 84' lang='lat' dir='ltr'><strong>vendidisset</strong></span> 
     </span>
     <span class='ocr_line' id='line_1_23' title="bbox 18 3639 1245 3745; baseline 0.028 -43"><span class='ocrx_word' id='word_1_168' title='bbox 18 3639 19 3644; x_wconf 76' lang='grc'>’</span> <span class='ocrx_word' id='word_1_169' title='bbox 124 3639 270 3724; x_wconf 74' lang='lat' dir='ltr'><strong>prodistis</strong></span> <span class='ocrx_word' id='word_1_170' title='bbox 285 3642 325 3708; x_wconf 82' lang='lat' dir='ltr'><strong>V.</strong></span> <span class='ocrx_word' id='word_1_171' title='bbox 342 3651 374 3709; x_wconf 89' lang='lat' dir='ltr'><strong>et</strong></span> <span class='ocrx_word' id='word_1_172' title='bbox 391 3643 430 3712; x_wconf 90' lang='lat' dir='ltr'><strong>H.</strong></span> <span class='ocrx_word' id='word_1_173' title='bbox 445 3646 576 3712; x_wconf 92' lang='lat' dir='ltr'><strong>nomine</strong></span> <span class='ocrx_word' id='word_1_174' title='bbox 592 3647 736 3733; x_wconf 81' lang='lat' dir='ltr'><strong>Capituli</strong></span> <span class='ocrx_word' id='word_1_175' title='bbox 752 3650 793 3716; x_wconf 87' lang='lat' dir='ltr'><strong>ad</strong></span> <span class='ocrx_word' id='word_1_176' title='bbox 810 3670 901 3719; x_wconf 88' lang='lat' dir='ltr'><strong>vsnm</strong></span> <span class='ocrx_word' id='word_1_177' title='bbox 918 3657 1001 3724; x_wconf 89' lang='lat' dir='ltr'><strong>crrei</strong></span> <span class='ocrx_word' id='word_1_178' title='bbox 1017 3679 1077 3745; x_wconf 87' lang='lat' dir='ltr'><strong>pro</strong></span> <span class='ocrx_word' id='word_1_179' title='bbox 1110 3663 1245 3735; x_wconf 87' lang='lat' dir='ltr'><strong>decimis</strong></span> 
     </span>
    </p>
   </div>
   <div class='ocr_carea' id='block_1_14' title="bbox 18 3739 1246 4719">
    <p class='ocr_par' dir='ltr' id='par_1_14' title="bbox 18 3739 1246 4719">
     <span class='ocr_line' id='line_1_24' title="bbox 18 3739 1245 3844; baseline 0.03 -36"><span class='ocrx_word' id='word_1_180' title='bbox 18 3819 19 3836; x_wconf 11' lang='grc' dir='ltr'>χ</span> <span class='ocrx_word' id='word_1_181' title='bbox 123 3750 382 3830; x_wconf 89' lang='lat' dir='ltr'><strong>prouenientibus</strong></span> <span class='ocrx_word' id='word_1_182' title='bbox 397 3769 438 3829; x_wconf 80' lang='lat' dir='ltr'><strong>cx</strong></span> <span class='ocrx_word' id='word_1_183' title='bbox 455 3739 569 3820; x_wconf 80' lang='lat' dir='ltr'><strong>eadem</strong></span> <span class='ocrx_word' id='word_1_184' title='bbox 587 3755 668 3822; x_wconf 84' lang='lat' dir='ltr'><strong>villa</strong></span> <span class='ocrx_word' id='word_1_185' title='bbox 683 3777 742 3841; x_wconf 88' lang='lat' dir='ltr'><strong>pro</strong></span> <span class='ocrx_word' id='word_1_186' title='bbox 773 3758 911 3828; x_wconf 85' lang='lat' dir='ltr'><strong>dimidia</strong></span> <span class='ocrx_word' id='word_1_187' title='bbox 942 3784 1053 3835; x_wconf 85' lang='lat' dir='ltr'><strong>marea</strong></span> <span class='ocrx_word' id='word_1_188' title='bbox 1083 3778 1117 3838; x_wconf 93' lang='lat' dir='ltr'><strong>et</strong></span> <span class='ocrx_word' id='word_1_189' title='bbox 1147 3778 1245 3844; x_wconf 86' lang='lat' dir='ltr'><strong>vncia</strong></span> 
     </span>
     <span class='ocr_line' id='line_1_25' title="bbox 18 3851 1246 3955; baseline 0.029 -39"><span class='ocrx_word' id='word_1_190' title='bbox 18 3911 20 3946; x_wconf 66' lang='lat' dir='ltr'><strong>r</strong></span> <span class='ocrx_word' id='word_1_191' title='bbox 123 3851 175 3923; x_wconf 87' lang='lat' dir='ltr'><strong>ini</strong></span> <span class='ocrx_word' id='word_1_192' title='bbox 190 3857 317 3942; x_wconf 79' lang='lat' dir='ltr'><strong>argenti</strong></span> <span class='ocrx_word' id='word_1_193' title='bbox 335 3865 490 3944; x_wconf 90' lang='lat' dir='ltr'><strong>perpetuo</strong></span> <span class='ocrx_word' id='word_1_194' title='bbox 507 3862 754 3947; x_wconf 68' lang='lat' dir='ltr'><strong>possidendam</strong></span> <span class='ocrx_word' id='word_1_195' title='bbox 782 3872 814 3934; x_wconf 87' lang='lat' dir='ltr'><strong>et</strong></span> <span class='ocrx_word' id='word_1_196' title='bbox 830 3865 871 3934; x_wconf 88' lang='lat' dir='ltr'><strong>de</strong></span> <span class='ocrx_word' id='word_1_197' title='bbox 887 3871 996 3955; x_wconf 89' lang='lat' dir='ltr'><strong>precio</strong></span> <span class='ocrx_word' id='word_1_198' title='bbox 1011 3875 1179 3950; x_wconf 85' lang='lat' dir='ltr'><strong>coufessus</strong></span> <span class='ocrx_word' id='word_1_199' title='bbox 1194 3895 1246 3952; x_wconf 89' lang='lat' dir='ltr'><strong>est</strong></span> 
     </span>
     <span class='ocr_line' id='line_1_26' title="bbox 123 3959 1244 4062; baseline 0.03 -38.831"><span class='ocrx_word' id='word_1_200' title='bbox 123 3959 182 4028; x_wconf 88' lang='lat' dir='ltr'><strong>sibi</strong></span> <span class='ocrx_word' id='word_1_201' title='bbox 196 3965 343 4052; x_wconf 82' lang='lat' dir='ltr'><strong>plenarie</strong></span> <span class='ocrx_word' id='word_1_202' title='bbox 358 3967 571 4038; x_wconf 83' lang='lat' dir='ltr'><strong>satisfactum.</strong></span> <span class='ocrx_word' id='word_1_203' title='bbox 610 3970 712 4040; x_wconf 78' lang='lat' dir='ltr'><strong>Terra</strong></span> <span class='ocrx_word' id='word_1_204' title='bbox 728 3980 838 4041; x_wconf 88' lang='lat' dir='ltr'><strong>autem</strong></span> <span class='ocrx_word' id='word_1_205' title='bbox 855 3975 958 4062; x_wconf 90' lang='lat' dir='ltr'><strong>ipsius</strong></span> <span class='ocrx_word' id='word_1_206' title='bbox 973 3984 1057 4048; x_wconf 90' lang='lat' dir='ltr'><strong>orrei</strong></span> <span class='ocrx_word' id='word_1_207' title='bbox 1075 3984 1107 4050; x_wconf 92' lang='lat' dir='ltr'><strong>in</strong></span> <span class='ocrx_word' id='word_1_208' title='bbox 1135 3988 1244 4058; x_wconf 88' lang='lat' dir='ltr'><strong>latitu-</strong></span> 
     </span>
     <span class='ocr_line' id='line_1_27' title="bbox 18 4061 1245 4178; baseline 0.03 -49"><span class='ocrx_word' id='word_1_209' title='bbox 18 4061 20 4068; x_wconf 80' lang='grc'><em>’</em></span> <span class='ocrx_word' id='word_1_210' title='bbox 125 4064 196 4136; x_wconf 91' lang='lat' dir='ltr'><strong>diue</strong></span> <span class='ocrx_word' id='word_1_211' title='bbox 212 4072 349 4157; x_wconf 79' lang='lat' dir='ltr'><strong>triginta</strong></span> <span class='ocrx_word' id='word_1_212' title='bbox 373 4073 470 4142; x_wconf 84' lang='lat' dir='ltr'><strong>riuus</strong></span> <span class='ocrx_word' id='word_1_213' title='bbox 501 4073 627 4146; x_wconf 88' lang='lat' dir='ltr'><strong>duabus</strong></span> <span class='ocrx_word' id='word_1_214' title='bbox 660 4079 777 4169; x_wconf 89' lang='lat' dir='ltr'><strong>minus,</strong></span> <span class='ocrx_word' id='word_1_215' title='bbox 809 4083 842 4149; x_wconf 92' lang='lat' dir='ltr'><strong>in</strong></span> <span class='ocrx_word' id='word_1_216' title='bbox 874 4085 1079 4171; x_wconf 81' lang='lat' dir='ltr'><strong>longitndine</strong></span> <span class='ocrx_word' id='word_1_217' title='bbox 1109 4094 1245 4178; x_wconf 78' lang='lat' dir='ltr'><strong>triginta</strong></span> 
     </span>
     <span class='ocr_line' id='line_1_28' title="bbox 18 4173 1243 4278; baseline 0.027 -41"><span class='ocrx_word' id='word_1_218' title='bbox 18 4221 19 4226; x_wconf 16' lang='grc' dir='ltr'>η</span> <span class='ocrx_word' id='word_1_219' title='bbox 40 4173 45 4182; x_wconf 83' lang='grc'><strong><em>’</em></strong></span> <span class='ocrx_word' id='word_1_220' title='bbox 123 4173 259 4261; x_wconf 89' lang='lat' dir='ltr'><strong>quinque</strong></span> <span class='ocrx_word' id='word_1_221' title='bbox 274 4177 425 4246; x_wconf 83' lang='lat' dir='ltr'><strong>vlnerum</strong></span> <span class='ocrx_word' id='word_1_222' title='bbox 442 4183 585 4252; x_wconf 89' lang='lat' dir='ltr'><strong>continet</strong></span> <span class='ocrx_word' id='word_1_223' title='bbox 599 4187 826 4270; x_wconf 86' lang='lat' dir='ltr'><strong>quantitatem.</strong></span> <span class='ocrx_word' id='word_1_224' title='bbox 841 4189 1026 4278; x_wconf 76' lang='lat' dir='ltr'><strong>desumpsit</strong></span> <span class='ocrx_word' id='word_1_225' title='bbox 1041 4198 1145 4266; x_wconf 89' lang='lat' dir='ltr'><strong>eciam</strong></span> <span class='ocrx_word' id='word_1_226' title='bbox 1156 4200 1243 4272; x_wconf 90' lang='lat' dir='ltr'><strong>idem</strong></span> 
     </span>
     <span class='ocr_line' id='line_1_29' title="bbox 18 4275 1244 4398; baseline 0.027 -58"><span class='ocrx_word' id='word_1_227' title='bbox 18 4319 19 4326; x_wconf 22' lang='lat' dir='ltr'><strong>a</strong></span> <span class='ocrx_word' id='word_1_228' title='bbox 127 4275 265 4352; x_wconf 83' lang='lat' dir='ltr'><strong>Ortolius</strong></span> <span class='ocrx_word' id='word_1_229' title='bbox 279 4303 389 4352; x_wconf 86' lang='lat' dir='ltr'><strong>coram</strong></span> <span class='ocrx_word' id='word_1_230' title='bbox 406 4287 499 4355; x_wconf 87' lang='lat' dir='ltr'><strong>uobis</strong></span> <span class='ocrx_word' id='word_1_231' title='bbox 515 4288 606 4375; x_wconf 89' lang='lat' dir='ltr'><strong>ipsos</strong></span> <span class='ocrx_word' id='word_1_232' title='bbox 623 4291 659 4357; x_wconf 91' lang='lat' dir='ltr'><strong>V.</strong></span> <span class='ocrx_word' id='word_1_233' title='bbox 676 4291 877 4362; x_wconf 81' lang='lat' dir='ltr'><strong>sacerdotem</strong></span> <span class='ocrx_word' id='word_1_234' title='bbox 903 4303 936 4364; x_wconf 90' lang='lat' dir='ltr'><strong>et</strong></span> <span class='ocrx_word' id='word_1_235' title='bbox 967 4299 1159 4385; x_wconf 80' lang='lat' dir='ltr'><strong>Magistrum</strong></span> <span class='ocrx_word' id='word_1_236' title='bbox 1192 4308 1244 4398; x_wconf 65' lang='lat' dir='ltr'><strong>H„</strong></span> 
     </span>
     <span class='ocr_line' id='line_1_30' title="bbox 18 4389 1244 4492; baseline 0.029 -43"><span class='ocrx_word' id='word_1_237' title='bbox 18 4391 19 4394; x_wconf 76' lang='grc'>’</span> <span class='ocrx_word' id='word_1_238' title='bbox 124 4406 178 4454; x_wconf 85' lang='lat' dir='ltr'><strong>ser</strong></span> <span class='ocrx_word' id='word_1_239' title='bbox 193 4389 296 4477; x_wconf 91' lang='lat' dir='ltr'><strong>ipsum</strong></span> <span class='ocrx_word' id='word_1_240' title='bbox 315 4393 502 4480; x_wconf 79' lang='lat' dir='ltr'><strong>Capitulum</strong></span> <span class='ocrx_word' id='word_1_241' title='bbox 533 4397 707 4468; x_wconf 81' lang='lat' dir='ltr'><strong>defendere</strong></span> <span class='ocrx_word' id='word_1_242' title='bbox 738 4420 795 4470; x_wconf 86' lang='lat' dir='ltr'><strong>sev</strong></span> <span class='ocrx_word' id='word_1_243' title='bbox 826 4403 1017 4492; x_wconf 85' lang='lat' dir='ltr'><strong>indempnes</strong></span> <span class='ocrx_word' id='word_1_244' title='bbox 1048 4431 1244 4484; x_wconf 84' lang='lat' dir='ltr'><strong>conseruare</strong></span> 
     </span>
     <span class='ocr_line' id='line_1_31' title="bbox 129 4500 1243 4606; baseline 0.03 -47"><span class='ocrx_word' id='word_1_245' title='bbox 129 4502 236 4564; x_wconf 85' lang='lat' dir='ltr'><strong>contra</strong></span> <span class='ocrx_word' id='word_1_246' title='bbox 250 4500 435 4589; x_wconf 83' lang='lat' dir='ltr'><strong>quemlibet,</strong></span> <span class='ocrx_word' id='word_1_247' title='bbox 452 4503 480 4569; x_wconf 89' lang='lat' dir='ltr'><strong>si</strong></span> <span class='ocrx_word' id='word_1_248' title='bbox 496 4503 574 4588; x_wconf 86' lang='lat' dir='ltr'><strong>qruid</strong></span> <span class='ocrx_word' id='word_1_249' title='bbox 590 4507 722 4576; x_wconf 86' lang='lat' dir='ltr'><strong>racione</strong></span> <span class='ocrx_word' id='word_1_250' title='bbox 737 4528 815 4597; x_wconf 88' lang='lat' dir='ltr'><strong>sepe</strong></span> <span class='ocrx_word' id='word_1_251' title='bbox 831 4510 916 4580; x_wconf 87' lang='lat' dir='ltr'><strong>dicte</strong></span> <span class='ocrx_word' id='word_1_252' title='bbox 931 4520 1016 4586; x_wconf 87' lang='lat' dir='ltr'><strong>terre</strong></span> <span class='ocrx_word' id='word_1_253' title='bbox 1034 4518 1243 4606; x_wconf 87' lang='lat' dir='ltr'><strong>imposterum</strong></span> 
     </span>
     <span class='ocr_line' id='line_1_32' title="bbox 125 4609 1244 4719; baseline 0.03 -54"><span class='ocrx_word' id='word_1_254' title='bbox 125 4609 284 4674; x_wconf 86' lang='lat' dir='ltr'><strong>emerserit</strong></span> <span class='ocrx_word' id='word_1_255' title='bbox 298 4609 485 4692; x_wconf 87' lang='lat' dir='ltr'><strong>questionis.</strong></span> <span class='ocrx_word' id='word_1_256' title='bbox 509 4609 577 4677; x_wconf 90' lang='lat' dir='ltr'><strong>Nos</strong></span> <span class='ocrx_word' id='word_1_257' title='bbox 608 4613 707 4698; x_wconf 77' lang='lat' dir='ltr'><strong>igitur</strong></span> <span class='ocrx_word' id='word_1_258' title='bbox 737 4618 780 4684; x_wconf 83' lang='lat' dir='ltr'><strong>ad</strong></span> <span class='ocrx_word' id='word_1_259' title='bbox 811 4620 1003 4705; x_wconf 77' lang='lat' dir='ltr'><strong>peticionem</strong></span> <span class='ocrx_word' id='word_1_260' title='bbox 1034 4635 1244 4719; x_wconf 75' lang='lat' dir='ltr'><strong>utrarumque</strong></span> 
     </span>
    </p>
   </div>
   <div class='ocr_carea' id='block_1_15' title="bbox 0 0 1596 5186">
    <p class='ocr_par' dir='ltr' id='par_1_15' title="bbox 0 0 1596 5186">
     <span class='ocr_line' id='line_1_33' title="bbox 0 0 1596 5186; baseline 0 1"><span class='ocrx_word' id='word_1_261' title='bbox 0 0 1596 5186; x_wconf 95' lang='lat' dir='ltr'><strong> </strong></span> 
     </span>
    </p>
   </div>
  </div>
 </body>
</html>
