3184 5186
883 655 968 787 1313.

358 886 471 950 Iatodn
486 885 660 950 szlauooios'
675 885 806 949 bdooak
821 883 970 968 bo'zouyos
979 880 1197 966 foldbirtokot
1211 895 1366 976 tairppuzo'
1391 893 1488 962 ilo'lete

403 1017 425 1057 a
441 991 681 1077 templum-rond
698 995 730 1055 έε
747 989 813 1056 libb
829 994 929 1079 Kopo
945 991 1073 1058 mellettt'
1087 993 1228 1061 limosos
1243 997 1324 1064 kent.
1348 1001 1441 1069 1258.
1568 1007 1570 1050 ²

467 1187 535 1253 Nos
550 1183 735 1272 Stephanus
752 1187 863 1254 Bauus
887 1187 993 1254 tonius
1018 1187 1194 1256 Solanonie
1226 1199 1259 1258 et
1291 1193 1481 1280 Capitonem

360 1292 459 1360 Stirie
476 1292 695 1378 significamus
712 1301 824 1361 tenore
839 1294 1043 1378 preseneinm
1068 1296 1241 1384 uniuersis,
1274 1302 1361 1384 quod
1387 1323 1477 1387 quum

358 1401 444 1468 inter
459 1401 597 1468 fratrem
613 1398 798 1468 Yordonem
813 1398 987 1468 Domouum
1003 1400 1124 1469 Milioie
1140 1403 1270 1489 Templi
1296 1427 1354 1492 per
1377 1410 1477 1495 Vngu-

357 1507 442 1574 riam
459 1514 492 1575 et
508 1506 718 1574 Solanoniam
733 1505 926 1590 Magistrum
942 1526 982 1574 ex
998 1527 1064 1574 una
1094 1516 1208 1594 parte3
1233 1519 1266 1579 et
1289 1513 1396 1598 welk,
1418 1518 1481 1586 Ko-

356 1633 426 1700 yan
442 1615 526 1682 lilios
542 1613 687 1696 Zibislsi‚
706 1613 910 1700 (imperium,
926 1613 1074 1700 Abrank,
1105 1616 1242 1683 Mortnm
1259 1617 1344 1687 tilios
1362 1623 1474 1691 Weleu·
1568 1671 1570 1676 -

355 1722 413 1810 lai,
428 1730 462 1790 et
476 1721 574 1788 Wolk
590 1720 689 1788 lilium
702 1719 878 1805 Budurum,
895 1719 1038 1803 Sunium,
1054 1721 1251 1791 Velimerum
1261 1733 1295 1792 et
1305 1727 1481 1798 Volkatsm·
1569 1797 1570 1814 2

356 1829 442 1897 lilios
458 1827 641 1896 Ohndunlai
655 1847 696 1895 ex
711 1827 836 1911 altera3
860 1847 956 1912 super
971 1833 1061 1896 terra
1076 1848 1139 1914 que
1163 1829 1251 1898 iaoet
1280 1833 1367 1902 vltra
1396 1837 1474 1924 Cup
1568 1899 1570 1932 ἕ

355 1956 445 2024 pam,
461 1945 494 2004 et
508 1935 612 2004 eoium
627 1941 721 2002 extro
736 1935 842 2020 ipsam
856 1953 976 2018 uquam
992 1933 1082 2022 Oupe
1097 1937 1407 2028 apouteZagrubie,
1418 1948 1474 2012 sub

355 2045 425 2114 illis
439 2044 535 2112 metis
551 2050 584 2112 et
608 2042 733 2127 diuisis,
765 2063 828 2126 que
851 2042 885 2110 in
916 2043 1034 2112 litteris
1065 2043 1208 2129 Capituli
1239 2045 1475 2138 Zagrahiensis,

357 2153 470 2238 sigillo
484 2151 587 2237 ipsius
603 2149 743 2237 Capituli
759 2156 791 2216 et
806 2148 912 2234 sigillo
928 2147 1090 2218 (luidonis
1104 2151 1243 2220 Abbatis
1259 2157 1424 2238 qnondam
1438 2158 1482 2226 de·
1568 2145 1570 2234 ᾗ

352 2259 499 2346 Topliea,
516 2277 576 2326 neo
591 2277 656 2326 nou
672 2265 705 2325 et
720 2256 829 2342 sigillo
845 2256 976 2324 Nemori
1001 2256 1135 2325 Comitis
1165 2259 1330 2344 qnondam
1360 2266 1477 2351 zaga.

352 2367 476 2434 biensis
491 2364 657 2452 sigillatis,
672 2362 849 2432 seeundum
866 2363 951 2450 quod
966 2371 1078 2450 partes
1094 2367 1244 2435 consortii
1261 2389 1340 2439 vooe
1364 2373 1475 2440 retule-

351 2483 438 2558 runt,
456 2472 586 2560 plenius
602 2472 820 2559 eontinentur,
837 2479 869 2538 et
885 2470 988 2539 eoiam
1003 2489 1102 2559 super
1132 2479 1219 2541 terra
1249 2495 1313 2560 que
1343 2490 1476 2548 vocatur
1569 2513 1570 2552 l

352 2580 460 2668 Noai,
477 2579 738 2665 questioruissst
753 2578 881 2647 diuoius
895 2578 1067 2646 ventillato
1082 2603 1091 2644 ε
1109 2580 1241 2648 tandem
1259 2582 1358 2652 Wolk
1374 2597 1405 2654 et
1429 2607 1475 2656 ee·
1569 2619 1570 2634 ⁰

350 2689 414 2756 tari
430 2707 543 2756 omnes
558 2686 730 2776 prenotati,
748 2693 1018 2770 recognoscentes
1033 2705 1069 2754 se
1085 2695 1197 2755 eontra
1225 2688 1417 2775 Magistrum
1445 2703 1480 2762 et·

350 2797 493 2865 Domum
508 2794 637 2880 Templi
652 2794 806 2860 iniustam
822 2794 966 2860 monisse
981 2793 1210 2884 suspicionem,
1236 2795 1341 2866 dietas
1371 2806 1481 2870 terras.

350 2903 414 2972 sub
431 2904 525 2972 metis
541 2909 573 2970 et
589 2901 705 2970 diuisis
722 2901 877 2987 protantis
893 2900 1013 2969 Domui
1027 2900 1154 2988 Templi
1179 2903 1380 2989 reliquerunt
1409 2909 1474 2979 iure

350 3013 505 3096 perpetuo
521 3007 655 3094 paoifioe
669 3005 897 3094 possidendas.
934 3006 986 3074 Ita
1001 3007 1090 3090 quod
1105 3027 1166 3076 neo
1182 3007 1256 3095 ipsi,
1287 3031 1349 3080 neo
1365 3033 1473 3084 eorum

351 3114 491 3184 heredes
507 3115 726 3200 hesednmqne
741 3133 945 3184 successores
968 3113 1139 3198 repetendi
1171 3121 1276 3184 terras
1307 3121 1483 3204 prediotm.

347 3225 405 3292 uel
419 3223 562 3309 aliquam
579 3229 706 3308 partem
722 3221 765 3290 de
781 3222 902 3290 eisdem
917 3219 1134 3290 haberentue
1149 3224 1473 3317 oeterolaoultatem;

347 3332 500 3399 omnibns
517 3331 618 3400 eniam
635 3329 712 3416 alijs
727 3329 953 3414 questionibus
968 3349 1027 3398 seu
1049 3327 1162 3398 litibus
1192 3328 1348 3403 haetenus
1380 3341 1473 3408 motis

348 3448 406 3508 aut
424 3441 590 3508 suseitatis
607 3447 718 3508 eontra
734 3439 926 3524 Magistrum
941 3437 1070 3524 Templi
1085 3457 1143 3522 per
1170 3439 1300 3509 eosdem
1332 3463 1474 3526 quaeun-

348 3564 412 3631 qne
428 3545 469 3611 de
485 3565 587 3614 eausa
601 3547 698 3615 finem
714 3553 903 3632 perpetuum
920 3553 954 3612 et
984 3543 1154 3614 silentium
1184 3553 1328 3616 eternum
1358 3572 1481 3636 posue·-

347 3665 433 3722 runt.
473 3651 517 3718 Vt
531 3653 631 3738 igitur
643 3655 691 3722 rei
706 3653 802 3721 huius
817 3651 920 3720 series
936 3651 1033 3720 robur
1047 3652 1194 3720 obtineat
1209 3665 1365 3740 perpetue
1379 3659 1474 3728 tirmi-
1569 3705 1570 3712 κ

346 3761 434 3850 tetis,
451 3767 483 3828 et
498 3761 586 3828 nullo
603 3781 742 3847 unquam
758 3767 904 3848 tempore
918 3760 1022 3845 possit
1046 3759 1100 3826 vel
1126 3759 1244 3828 debeat
1274 3781 1332 3850 per
1363 3785 1475 3848 quem·
1569 3783 1570 3858 ᾗ

346 3869 436 3956 piam
452 3869 485 3934 iu
502 3869 626 3935 irritum
641 3867 810 3952 reuooari;
833 3865 877 3935 ad
892 3864 1087 3934 instanciam
1104 3865 1214 3951 Wolk,
1247 3868 1410 3960 Gregorii,
1442 3883 1475 3942 et
1568 3875 1570 3962 3

222 3997 224 4000 ·
343 3978 490 4044 omnium
505 3981 721 4064 pretaolornm
737 3975 857 4041 Domui
872 3972 1001 4060 Templi
1017 3972 1152 4060 predioti
1168 3975 1360 4044 contulimus
1389 3979 1481 4048 litte·
1568 3963 1570 3996 ¹

340 4103 400 4152 ras
417 4082 644 4170 priuilegiales
660 4080 764 4167 sigilli
791 4082 894 4148 nostri
925 4079 1102 4148 munimine
1132 4083 1310 4150 roboratas.
1350 4083 1475 4154 Datum
1569 4057 1570 4100 ³

343 4190 507 4276 &suabis
523 4209 608 4257 anno
624 4190 667 4268 ab
681 4187 913 4256 Inoarnaoione
928 4187 1060 4257 Domini
1075 4187 1178 4256 M⁰OO
1185 4187 1239 4254 ⁰L⁰
1254 4197 1379 4259 ostano,

342 4339 486 4402 medelis
503 4337 685 4402 borhlrtytm
705 4331 828 4403 affiggo
846 4333 942 4399 penset
960 4335 1113 4400 elvesustt;
1132 4333 1253 4388 siunai
1270 4334 1325 4388 kin.
1344 4335 1484 4391 kanumi
1569 4303 1570 4306 Ἴ

342 4429 529 4483 leueltarbsn.
559 4427 615 4479 Solu
634 4424 749 4478 hibaual
767 4425 872 4477 kiadva
889 4425 1020 4492 Fejerntl
1038 4424 1105 4478 Ootl.
1125 4425 1198 4490 Dipl.
1219 4427 1269 4478 Π.
1287 4426 1347 4479 keu
1368 4432 1393 4480 2
1413 4429 1484 4480 ress.

828 4519 937 4566 llos
908 4517 976 4580 lep)

774 4672 1041 4686 -a-——t--fiav
