3116 5178
837 297 994 398 -3ἐ6

355 495 432 564 tutis
450 495 596 578 aliquam
612 493 734 562 eisdem
752 493 889 562 interret
904 495 1096 578 molestiam,
1129 493 1382 582 indignacionem
1403 497 1450 565 Dei

359 601 609 690 Omnipotentis,
626 609 658 670 et
673 606 776 672 Beate
792 602 935 687 Virginis
959 602 1062 670 Mario
1093 611 1126 671 et
1155 609 1301 680 nostram
1328 605 1453 671 mercat

357 711 397 779 nt
412 710 440 779 si
458 710 569 796 alique
585 719 693 779 nostre
709 712 816 778 littere
832 709 924 797 prius
941 710 1099 794 consecto,
1123 729 1180 796 per
1194 710 1351 778 moniales
1363 731 1455 798 supra
1530 763 1531 768 ι

355 819 461 888 dictas
478 824 591 886 contra
607 819 667 886 hoe
682 825 826 886 nostrum
838 822 994 886 statutum
1004 817 1334 905 fuerintpresentate,
1350 820 1454 888 nullum
1528 858 1532 917 ,

354 927 451 994 robur
469 928 630 996 firmitatis
645 928 795 995 volumus
810 926 966 995 obtinere.
992 926 1036 994 Ut
1052 932 1161 994 antem
1179 924 1240 994 hee
1255 932 1364 995 nostre
1378 927 1458 994 dona
1528 962 1532 1009 ι

356 1033 467 1103 cinnes
484 1035 581 1102 robur
596 1042 751 1124 perpetue
766 1035 926 1103 firmitatis
943 1035 1124 1122 optineant,
1157 1041 1327 1120 presentes
1353 1036 1458 1102 litteras
1530 1074 1534 1133 p

355 1147 466 1209 nostro
481 1142 589 1226 sigillo
606 1151 638 1210 et
654 1144 756 1211 nostri
772 1143 916 1229 Capituli
932 1143 1069 1210 fecimus
1084 1142 1238 1210 roborari.
1278 1144 1395 1210 Datum
1416 1164 1460 1230 per
1531 1208 1532 1219 ,

356 1269 470 1318 manus
485 1251 634 1334 Magistri
650 1252 738 1318 Petri
754 1249 985 1321 Archidiaconi
1001 1250 1043 1318 de
1068 1249 1221 1334 Kemiuk,
1258 1271 1346 1320 anno
1362 1251 1460 1320 (isacio

357 1357 452 1426 MCC.
469 1360 719 1444 quadragesimo
735 1368 835 1427 sexto.

449 1557 613 1622 (Tkalcsics,
631 1559 754 1610 monum.
773 1559 842 1610 hist.
862 1559 952 1624 Epioe.
973 1559 1168 1626 Zagrabiensis
1186 1559 1209 1610 1.
1228 1559 1288 1610 kot.
1312 1562 1353 1609 87.
1372 1559 1398 1620 i.)

776 2521 780 2528 ·
888 2501 964 2570 249.

365 2699 387 2764 I
394 2699 427 2764 V.
444 2699 524 2765 Be'in
539 2723 560 2765 a
575 2703 724 2787 produce-i
742 2705 852 2790 hepyet
869 2705 1103 2787 odomciwozza
1118 2725 1137 2766 u
1153 2702 1291 2788 zdprribi
1316 2697 1476 2788 inopte-lun·

838 2813 912 2877 uuir.
930 2814 1026 2880 1247.

473 3006 554 3071 Bela
569 3005 632 3074 Dei
647 3009 754 3089 gratia
770 3009 946 3095 Hungarie,
979 3009 1153 3094 Dalmatio,
1186 3007 1348 3092 Chrontie,
1379 3007 1476 3088 Reme,

365 3113 488 3200 Seruio,
508 3113 652 3199 Gellitie,
668 3115 867 3200 Lodomerie,
900 3115 1122 3200 Cumaniequc
1137 3115 1207 3181 Rex
1224 3113 1387 3181 universis
1403 3111 1479 3181 Chri-

367 3224 409 3290 sti
425 3222 583 3306 fideiibue,
614 3222 817 3307 presencium
833 3224 990 3294 noticiam
1005 3223 1176 3307 habituris,
1211 3223 1356 3288 salutem
1384 3220 1415 3286 in
1440 3237 1480 3302 co,

367 3331 421 3416 qui
437 3332 579 3413 Regibus
595 3331 653 3398 dat
667 3334 814 3399 salntem.
833 3333 926 3400 Oculi
943 3331 1088 3400 sedentis
1104 3331 1137 3397 in
1154 3330 1268 3397 throno
1279 3329 1383 3414 Regio
1395 3327 1481 3410 digne

367 3439 574 3508 considerare
590 3439 717 3525 debent,
736 3440 815 3526 quid
828 3444 870 3507 sit
886 3441 978 3524 utile,
995 3440 1073 3524 quid
1088 3459 1232 3525 necesse,
1249 3438 1343 3505 cuius
1359 3439 1481 3506 circum·

368 3547 498 3630 speceio
514 3548 549 3616 in
565 3569 604 3616 ea
619 3550 730 3635 pocius
745 3548 940 3635 provisionis
956 3549 1066 3633 specie
1082 3549 1271 3624 delectatur,
1305 3567 1372 3630 que
1401 3549 1485 3610 extra

369 3652 403 3718 id
420 3654 504 3736 quod
520 3656 696 3741 reipublice
712 3658 885 3726 utititatem
900 3660 1042 3745 respicit,
1067 3678 1148 3744 opus
1166 3655 1271 3723 eciam
1288 3653 1422 3743 pietatis
1438 3673 1484 3718 no

370 3760 469 3828 scitur
485 3763 672 3850 importare.
712 3767 851 3834 Proinde
867 3766 909 3834 ad
927 3767 1160 3852 univorsorum,
1190 3771 1259 3832 tam
1291 3761 1485 3850 presencium

369 3891 467 3956 quam
483 3880 684 3958 posterorum
702 3876 854 3943 noticiam
870 3875 986 3942 harum
1010 3875 1096 3942 serie
1126 3874 1273 3942 volumus
1304 3871 1485 3957 pervenire:

371 3981 457 4064 quod
496 3980 687 4050 accedentes
712 3982 755 4049 ad
787 3985 989 4066 presenciam
1020 3987 1165 4051 noemam
1194 3981 1277 4068 Pyle
1308 3977 1487 4065 Propositus

370 4090 613 4172 Zagrabiensis,
644 4091 800 4174 Magister
816 4089 878 4158 Job
894 4091 1081 4178 Prepesitus
1096 4089 1288 4156 Baohiensis
1305 4087 1421 4154 Comes
1435 4085 1487 4150 Ga·

371 4197 458 4280 pelle
481 4206 590 4268 nostre
622 4206 654 4266 et
687 4197 871 4266 canonicus
902 4199 1143 4282 chrabiensis,
1174 4199 1276 4284 Zoym
1308 4194 1489 4288 Prepositos

373 4305 592 4394 Chasmensis,
609 4309 724 4374 Petrus
743 4308 863 4374 Cantor
880 4305 1141 4375 Archidinconus
1157 4303 1399 4390 Zagrabiensis,
1429 4299 1490 4384 ily-

373 4417 467 4484 chael
483 4416 598 4484 Lector
614 4423 645 4483 et
660 4416 833 4484 LadisIaus
849 4415 1001 4482 Decanus
1026 4413 1269 4498 Zagrabiensis,
1298 4414 1415 4478 Petrus
1438 4409 1490 4474 Oa·

374 4527 562 4594 maticensis
578 4533 610 4592 et
626 4526 736 4591 Petrus
752 4525 793 4592 de
809 4524 952 4593 Kemlulr
969 4521 1209 4605 Archidinconi,
1224 4526 1256 4587 et
1272 4519 1329 4587 alii
1343 4520 1386 4587 de
1403 4515 1491 4601 Capi·

374 4637 440 4703 tnio
458 4633 671 4720 Zagrsbiensi
686 4633 815 4700 nomine
831 4653 870 4700 ac
887 4632 966 4699 Vico
981 4628 1133 4717 Capituli,
1147 4627 1242 4696 nobis
1251 4626 1414 4695 humiliter
1423 4643 1489 4708 sup-
