3116 5186
592 1005 666 1074 220.

67 1203 204 1270 deloco
218 1203 379 1288 paliezioi
394 1203 507 1288 ktrcty
523 1205 555 1270 ds
571 1203 754 1271 sclavonici
763 1206 1193 1293 boreaequekpriur'lepe'urna

299 1332 321 1372 a
334 1311 482 1394 petriani
496 1309 653 1399 condepeb
668 1311 829 1378 szdmciro.
857 1313 953 1378 1240.

168 1503 366 1572 colomanus
383 1503 448 1569 Dei
463 1505 576 1588 gracia
592 1507 663 1572 Rex
678 1503 899 1572 Rutbenorum
927 1515 959 1572 et
986 1508 1061 1574 Dux
1086 1510 1191 1575 tocius

72 1611 230 1678 Solanonie
245 1611 396 1680 omnibus
414 1611 534 1680 Christi
552 1612 714 1697 fidelibus,
729 1611 773 1678 sd
790 1633 870 1696 quos
886 1634 1022 1698 presens
1034 1615 1189 1701 seriptum

72 1722 256 1804 peruenerit,
273 1721 412 1787 salutem
432 1718 464 1784 in
483 1741 521 1786 eo
536 1721 591 1803 qui
609 1720 666 1786 dat
682 1722 820 1788 salutem
846 1719 999 1805 Regibus.
1040 1720 1119 1790 Oum
1151 1723 1190 1789 de

72 1824 298 1895 beneuolcnuia
314 1847 354 1894 ao
380 1826 421 1894 de
452 1826 735 1916 predestinacione
766 1825 890 1894 Summi
921 1827 1022 1912 Regis
1054 1828 1097 1896 ad
1128 1828 1189 1897 hoe

69 1954 168 2001 sumus
184 1932 397 2022 preordinati,
414 1941 450 2000 ut
466 1935 607 2018 singulis
622 1934 656 2000 in
672 1933 905 2001 iurisdicoicne
932 1942 1043 2002 nostra
1072 1936 1189 2003 consti·

69 2040 256 2109 tutissimus
272 2043 451 2110 secundum
478 2044 672 2128 Apostolum
699 2043 732 2107 in
765 2041 894 2109 iusticia
912 2041 1093 2124 debitores,
1117 2064 1188 2130 pro-

70 2150 191 2228 pensius
207 2156 240 2214 et
256 2149 440 2236 specialius
457 2149 648 2234 hospitibus,
683 2150 738 2232 qui
755 2157 900 2216 nostrum
933 2151 997 2218 sibi
1028 2142 1190 2218 senserint

71 2257 240 2324 subsidium
257 2259 473 2344 profuturum,
492 2257 602 2325 debite
618 2257 766 2325 uolumus
783 2255 913 2324 iusticie
928 2277 1077 2324 exercere
1103 2279 1188 2325 com-

68 2363 265 2446 plementum.
291 2365 376 2431 Hinc
392 2372 453 2453 est,
470 2364 555 2449 quod
572 2375 711 2432 nosram
731 2367 937 2450 presencium
954 2386 1050 2448 quarn
1068 2363 1187 2432 futuro·

66 2474 289 2540 rumuolumus
317 2472 437 2540 notieie
463 2472 639 2556 declarare,
672 2471 758 2557 quod
790 2471 972 2558 hospitibus
1003 2473 1122 2537 nostris
1153 2471 1187 2538 in

67 2578 187 2646 Petrina
202 2579 480 2648 commorantibus
497 2581 596 2645 talem
613 2579 675 2646 hoc
691 2579 786 2647 modo
802 2579 1023 2646 concessimus
1055 2579 1186 2645 liberta·

69 2694 139 2755 tem:
156 2687 199 2755 Ut
213 2688 306 2774 ipsos
322 2689 431 2754 nullus
447 2686 599 2753 Judicum
615 2693 800 2754 nostrorum
817 2692 923 2771 preter
934 2685 1089 2752 Maiorem
1101 2686 1187 2754 Viile

67 2812 176 2878 eorum,
192 2815 290 2882 quem
308 2795 489 2862 voluntarie
507 2795 673 2877 elegerint,
692 2793 814 2860 audeat
840 2791 1005 2874 iudicarc;
1029 2799 1061 2858 et
1089 2791 1116 2857 si
1143 2793 1185 2856 ab

69 2909 197 2988 ipsorum
213 2902 333 2972 Judiee
349 2903 622 2987 conquerentibus
640 2901 792 2968 satisfieri
818 2921 884 2968 non
917 2900 1045 2986 poterit,
1077 2899 1186 2965 Judex

61 3031 166 3079 eorum
181 3014 215 3078 iu
232 3015 384 3079 nostrum
401 3011 605 3097 presenciam
622 3014 654 3074 et
670 3028 735 3074 non
752 3008 835 3074 alias
853 3025 951 3092 super
976 3007 1050 3090 ipsa
1082 3025 1184 3072 causa

62 3120 173 3188 citatus
190 3121 314 3188 debeat
330 3129 361 3185 et
378 3123 529 3184 teneatur
545 3136 741 3201 comparere.
781 3113 867 3181 Etsi
885 3113 948 3199 ipsi
965 3113 1049 3178 alias
1076 3132 1184 3180 eoram

60 3228 160 3310 judice
175 3246 373 3313 quemquam
389 3225 582 3311 impeterent
598 3244 697 3309 super
712 3212 830 3306 aliquo,
864 3222 910 3287 eis
927 3219 1085 3286 iudicetur
1101 3221 1185 3286 iura·

66 3343 204 3403 mentum.
229 3333 410 3402 Statuimus
428 3331 541 3409 eciam,
573 3331 660 3415 quod
688 3331 717 3397 si
748 3329 857 3396 Banus
890 3328 936 3394 eis
968 3327 1010 3394 ad
1042 3327 1183 3394 valorem

67 3443 150 3511 unius
163 3462 274 3509 marce
290 3440 466 3524 dampnum
482 3438 614 3522 faceret,
632 3439 665 3502 in
680 3435 832 3521 centuplo
850 3437 1034 3502 restitueret
1050 3433 1181 3500 eisdem.

66 3546 177 3616 Tamen
193 3550 287 3616 Banu
304 3568 368 3614 nou
386 3546 474 3613 aliud
490 3545 555 3612 nisi
569 3544 682 3611 domos
701 3563 779 3610 suas
808 3541 978 3609 occasione
1005 3540 1183 3608 descensus

68 3658 136 3725 dare
150 3661 345 3737 teneantur;
370 3673 428 3740 pro
444 3652 518 3737 alijs
535 3671 612 3718 uero
629 3649 825 3734 neeessarijs
842 3649 984 3734 precium
1012 3649 1182 3734 recipiant.

69 3765 104 3829 ur
118 3767 145 3832 si
160 3763 281 3849 aliquia
297 3763 441 3848 ipsorum
458 3762 550 3844 prole
566 3758 716 3842 caruerit,
743 3764 810 3823 tam
828 3759 900 3842 ipso
918 3755 1056 3840 uiuente,
1086 3775 1183 3841 quam

68 3873 103 3939 ab
117 3873 175 3940 hoe
189 3873 303 3940 seculo
328 3871 596 3955 transmigrante,
625 3868 713 3933 bona
744 3886 804 3932 sua
835 3864 1014 3946 cuicunque
1045 3862 1187 3930 uoluerit

68 3981 155 4047 libere
170 3978 317 4047 conferat
334 3976 517 4044 retinenda.
540 3975 628 4041 Etsi
645 3972 764 4058 aliquis
781 3971 822 4039 de
854 3972 935 4038 villu
969 3989 1067 4055 super
1099 3989 1182 4052 equo

68 4089 114 4156 uel
129 4090 209 4157 boue
225 4084 506 4172 calumpniaretur
520 4083 562 4150 ab
580 4082 705 4166 ulique,
732 4101 789 4167 pro
805 4085 928 4164 quanto
944 4083 1183 4144 sacramentum

63 4195 163 4262 iacere
178 4193 421 4282 presumpserit,
439 4190 502 4258 sibi
519 4191 722 4275 calumpnias
738 4191 874 4256 testibus
895 4186 1081 4252 astantibus
1092 4186 1186 4251 resti-

67 4307 146 4392 tuat3
170 4310 202 4369 et
217 4321 269 4370 res
284 4320 343 4386 pro
359 4320 426 4382 qua
442 4295 638 4365 causabatur
653 4295 697 4362 ad
728 4297 945 4378 requirentem
979 4291 1183 4358 deuoluatur.

2 4470 3 4485 ,
70 4407 105 4476 Et
118 4411 143 4477 si
159 4411 230 4495 quis
246 4412 352 4495 ipsam
376 4407 490 4474 villam
518 4405 640 4473 intrare
674 4403 816 4470 uoluerit
845 4416 1038 4486 moraturus,
1071 4400 1182 4467 omnia

2 4493 3 4568 ἶ
70 4514 144 4582 bona
158 4537 226 4598 sna,
243 4517 354 4583 domus
371 4535 458 4598 suas,
476 4513 586 4581 etalia
602 4533 663 4598 que
674 4509 829 4597 possidet,
847 4508 995 4576 omuibus
1006 4505 1182 4573 scientibus
1271 4536 1275 4545 ·

66 4620 326 4692 iiberamhabeat
352 4623 516 4689 uendendi
547 4620 757 4702 facultatem
782 4624 813 4684 et
844 4615 997 4683 recedens
1030 4615 1070 4682 de
1101 4612 1182 4678 viiia
