3160 5208
112 1223 307 1293 Auelenozci
322 1226 540 1313 ldztdreuadp
557 1224 649 1289 tenete
673 1223 808 1306 Rapum
836 1221 999 1302 udroaboa,
1024 1215 1170 1304 mclylyel
1197 1239 1237 1280 az

106 1332 373 1418 oppenetleuae'pek
412 1332 611 1397 clinte‘zdee're
650 1327 824 1394 oonutlozd
862 1327 1058 1392 tuccetum
1089 1328 1234 1410 meptrp'a.
1309 1343 1324 1364 ¹

625 1439 721 1504 1226.
1165 1463 1168 1474 .

207 1638 248 1702 In
265 1654 376 1702 meuse
402 1635 536 1718 Aprilis,
552 1632 731 1702 indictione
748 1629 836 1697 XIV.
863 1629 1137 1698 Recordetionem
1157 1628 1233 1696 iaci-

104 1746 232 1813 musde
260 1743 378 1811 litteris
410 1743 486 1829 illis,
503 1756 586 1827 quas
604 1741 829 1808 mandavimus
861 1739 979 1807 Comiti
1003 1741 1173 1824 Bagusino
1202 1747 1236 1806 et

111 1855 224 1939 populo
240 1853 404 1936 universo,
422 1871 558 1934 quarum
577 1859 670 1918 tenor
686 1848 763 1916 telis
780 1855 846 1915 est:

210 1962 245 2026 Ρ.
285 1959 380 2024 Ziani
419 1959 480 2026 Dei
511 1958 620 2043 gratia
661 1957 885 2040 Veneciarum,
925 1954 1093 2022 Dalmaeie
1134 1961 1232 2040 atque

107 2065 259 2135 Chroaoie
290 2067 376 2154 Dux,
410 2067 568 2134 Dominus
599 2066 723 2145 Quarto
752 2064 861 2130 Partis
891 2070 924 2130 et
956 2062 1099 2133 Dimidio
1124 2065 1229 2156 tocius

107 2175 234 2260 Imperii
251 2175 413 2242 Romanis
425 2174 496 2243 viro
507 2175 647 2260 Egregio
657 2171 799 2241 Johanni
809 2169 962 2238 Dandulo
972 2172 1150 2258 propinquo
1166 2193 1226 2240 sno

82 2281 229 2365 dilecto,
264 2282 391 2368 Comiti,
423 2282 503 2348 viris
534 2301 660 2366 quoque
692 2278 876 2366 Nobilibus,
900 2279 1068 2346 Judioibus
1102 2289 1135 2346 et
1167 2283 1225 2347 toti

103 2393 219 2475 populo
230 2390 398 2472 Rugusino
415 2397 447 2456 et
457 2390 582 2456 nunctis
592 2391 660 2458 suis
670 2388 831 2471 fidelibus,
844 2388 983 2454 salutem
1001 2394 1034 2456 et
1050 2388 1230 2456 dilectionis

108 2501 261 2565 affectum.
291 2497 444 2582 Litterae,
476 2517 560 2581 quae
591 2497 685 2563 nobis
726 2517 829 2581 nuper
861 2495 1006 2580 misistis,
1039 2505 1071 2561 et
1113 2499 1228 2564 missos

108 2609 305 2691 recipientes,
333 2605 421 2688 qnod
447 2606 554 2671 littere
585 2605 657 2690 ipse
682 2605 912 2687 continuerint,
939 2610 970 2668 et
997 2603 1087 2670 missi
1111 2605 1226 2671 iisdem

109 2715 284 2798 exprimere
300 2713 473 2798 volueriut,
492 2711 731 2789 intelleximns3
749 2708 793 2775 ad
809 2729 973 2792 quesere,
990 2709 1016 2776 si
1033 2731 1091 2795 pro
1108 2714 1230 2782 meritis

108 2821 193 2887 vobis
225 2819 424 2903 respondere
457 2821 683 2901 voluissemus,
715 2839 762 2902 en,
790 2838 852 2900 que
868 2825 1045 2883 vestratum
1064 2819 1149 2902 npvud
1167 2841 1226 2886 uos

106 2928 218 2995 inerint
234 2935 374 3012 reperta,
392 2928 503 2993 omnia
519 2925 835 3008 intronriesiseemus,
852 2945 925 2992 num
952 2922 1177 2992 deobsidibus
1194 2937 1226 2992 et

108 3039 224 3118 ceteris,
239 3055 302 3118 qne
319 3035 388 3101 fieri
405 3034 499 3099 nobis
517 3042 548 3098 et
574 3033 751 3100 transmitti
779 3034 1006 3118 expetivimus,
1023 3033 1104 3098 nibil
1120 3035 1227 3100 velitis

108 3145 301 3228 adimplere..
328 3143 372 3208 At
398 3161 471 3208 oum
505 3142 596 3206 missi
630 3142 728 3208 vestri
762 3143 923 3208 instanter
955 3147 1147 3226 assererent,
1173 3165 1229 3210 vos

109 3259 231 3334 paratos
263 3268 336 3314 esse
354 3247 396 3314 ad
414 3247 546 3314 obsides
562 3249 658 3314 nobis
689 3247 910 3334 destinandos,
928 3258 971 3330 et,
989 3259 1023 3313 ut
1041 3248 1080 3314 de
1114 3259 1224 3320 nostro

109 3361 251 3426 mandato
267 3363 326 3442 est,
343 3355 491 3423 inimicos
509 3365 637 3422 nostros
654 3357 763 3423 verius
781 3364 812 3423 et
832 3378 897 3423 non
924 3357 1065 3442 lintepro
1082 3359 1224 3425 inimicis

109 3465 230 3544 babere,
246 3471 418 3531 ancontra
449 3463 602 3532 Oecikios
634 3465 666 3530 id
684 3473 783 3531 totum
815 3466 932 3548 facere,
959 3465 1165 3549 quodJadra
1196 3478 1227 3534 et

111 3581 202 3639 cetere
233 3575 340 3638 insule
371 3579 482 3638 nostre
516 3571 653 3658 proinde
684 3573 828 3639 facerent
858 3595 898 3638 en
929 3581 1039 3639 nostro
1063 3585 1227 3660 precepto,

110 3681 273 3748 secundum
306 3689 380 3746 reta
412 3701 471 3747 seu
503 3679 667 3746 racionem
701 3685 733 3746 et
752 3682 965 3763 quantitatem
983 3683 1226 3768 possibilitatis,

111 3786 262 3874 Ragusine
295 3789 429 3856 Civitati
461 3808 482 3854 a
513 3789 690 3872 gravedine
722 3796 832 3856 vestra
864 3779 1223 3878 retraximus‘mauum

111 3899 181 3964 notis
194 3898 275 3984 ipsis
292 3896 387 3963 fidem
405 3897 611 3965 adhibentes.
644 3897 717 3975 Qua
732 3896 774 3962 de
790 3917 893 3963 causa
919 3899 1114 3967 mandamus
1131 3903 1226 3970 vobis

111 4004 316 4089 precipiendo,
335 4013 513 4090 quatenus,
538 4025 602 4089 que
628 4004 715 4072 dicta
741 4013 826 4090 sunt,
852 4004 1030 4091 adimplere
1046 4007 1225 4075 studiosius

105 4109 250 4200 debeatis,
276 4116 324 4178 ita
341 4113 476 4195 quodde
488 4149 531 4160 —-
549 4147 592 4160 -
608 4151 651 4160 —
668 4110 909 4199 obsidesipsos,
935 4132 1068 4197 quorum
1094 4117 1227 4183 nomina

110 4218 229 4288 interius
261 4220 385 4304 scripta
415 4227 502 4303 suut,
535 4220 631 4287 nobis
648 4220 838 4305 adimplere,
869 4221 944 4286 hinc
969 4221 1012 4286 ad
1044 4221 1224 4305 proximum

112 4323 213 4394 lentum
245 4329 439 4395 Sanctorum
471 4325 703 4413 Apostolorum
735 4329 823 4394 Petri
854 4336 887 4395 et
902 4328 997 4394 Pauli
1016 4329 1159 4414 mittatis,
1179 4331 1226 4398 sic

107 4442 220 4503 uttunc
235 4438 301 4504 sint
316 4435 352 4502 in
369 4434 532 4502 Veneciis.
560 4437 645 4502 Nam
672 4455 730 4504 vos
747 4437 830 4502 snire
855 4434 1013 4520 volumus,
1038 4455 1174 4520 quornm
1190 4440 1220 4504 si
1276 4457 1278 4462 ‘

104 4540 226 4614 ulterius
243 4543 364 4630 aliquis
391 4543 443 4611 vel
460 4543 574 4628 aliquo
604 4550 785 4612 vestrorum
811 4541 857 4608 nd
882 4541 1041 4611 Veuecias
1067 4542 1218 4611 babuerit

102 4666 266 4735 eudemum,
296 4649 339 4716 de
369 4651 432 4718 hiis
465 4653 573 4730 rebus,
606 4670 669 4735 quie
684 4651 725 4718 de
741 4658 828 4718 terra
846 4649 902 4716 illu
918 4670 1028 4718 secum
1062 4651 1225 4740 detulerit,

1056 4755 1117 4826 13·
