3206 5184
817 305 979 414 Q

334 502 484 588 proxima
497 523 586 574 anuo
596 503 639 574 ab
649 503 886 574 incarnacione
901 501 1034 576 Domini
1049 502 1224 577 millesimo
1240 503 1465 578 ducentesimo

334 611 539 700 sexagesimo
554 611 701 702 septimo.

410 808 801 880 (animumanimum.
821 812 911 880 Epire.
932 813 1127 882 zamorensis
1145 815 1167 868 1.
1187 815 1246 870 keil
1268 820 1328 870 lut.
1347 815 1378 883 l.)

767 1100 1035 1123 m

864 1649 941 1721 410.

337 1847 358 1912 1
364 1853 390 1912 V.
407 1848 492 1915 Boiu
508 1847 688 1938 kirdiyualc
702 1872 726 1916 u
740 1851 947 1945 seolpupplri
962 1852 1083 1918 uarios
1106 1851 1232 1919 larteso
1256 1850 1359 1918 Bada
1381 1858 1469 1919 nauli

373 1953 486 2047 ⁷illiciet
501 1961 658 2053 lcirpyoao
671 1959 860 2052 adomduyu
875 1959 1048 2030 &uenat
1055 1959 1125 2050 fini
1138 1963 1297 2029 samara
1320 1958 1422 2027 1268.

448 2151 560 2244 (B)ela
574 2155 636 2226 Dei
652 2155 764 2243 gracia
779 2155 960 2242 Hungurle,
976 2155 1157 2242 Dalmacie,
1174 2154 1320 2246 (iruacie,
1351 2159 1469 2242 Rama

339 2259 464 2351 Seruio,
481 2261 630 2350 Galilaia,
646 2261 837 2332 Mdomerie
867 2262 1088 2349 (inmaniaque
1116 2263 1187 2332 Rex
1216 2263 1367 2334 omuibus
1396 2269 1467 2332 tarn

338 2368 543 2456 presentibus
559 2389 658 2457 quarn
673 2369 788 2440 futuris
803 2369 942 2441 salntem
956 2371 992 2439 in
1007 2369 1158 2441 Domino.
1173 2369 1230 2440 Ad.
1239 2371 1468 2442 uniuersorum

339 2476 491 2546 noticiam
508 2483 618 2548 tenore
633 2478 835 2567 presencium
850 2481 997 2548 volumus
1013 2477 1196 2566 peruenire,
1229 2480 1317 2567 quod
1348 2479 1469 2552 Gonnos

338 2582 480 2674 scalpo,
497 2584 624 2660 Screfel
641 2591 674 2656 ct
688 2585 874 2672 Ladialaus,
889 2607 928 2654 ae
942 2585 1264 2675 nullasnullas
1278 2588 1393 2676 ausui,
1406 2588 1468 2675 filij

339 2693 448 2762 Contu
470 2691 515 2761 ad
539 2701 682 2764 noscam
713 2693 907 2766 accedentes
937 2696 1144 2784 presenciam
1175 2695 1269 2765 uobis
1301 2694 1471 2768 humiliter

340 2801 577 2892 supplicarunt,
592 2809 625 2872 et
640 2804 877 2874 instantissime
892 2825 913 2874 a
928 2803 1023 2874 nobis
1038 2803 1215 2892 pecierunt,
1238 2811 1276 2873 ut
1293 2803 1413 2874 eisdem
1431 2807 1470 2876 in

340 2909 482 3000 quadam
496 2916 585 2981 terra
601 2913 708 2986 Castri
723 2911 1002 3000 Zulgajanriensis
1027 2909 1119 2981 Buda
1148 2919 1274 3000 vocata,
1305 2934 1367 3001 qus
1396 2921 1471 2982 orat

339 3027 427 3088 terra
457 3018 548 3090 Bada
579 3021 754 3092 castrensis
786 3020 866 3090 dicti
898 3021 1003 3090 (lustri
1034 3020 1327 3108 Zulgajauricnsis,
1358 3041 1470 3092 uacua

328 3137 374 3198 ct
388 3128 625 3198 habitatoribus
641 3129 803 3218 destituta,
818 3129 884 3200 sita
898 3129 933 3198 iu
949 3128 1111 3199 comitatu
1136 3129 1245 3198 Gastri
1269 3129 1470 3220 Nytricusis,

339 3237 430 3307 iuxta
446 3243 565 3308 terram
583 3239 726 3328 ipsorum
742 3237 878 3308 (lomitls
894 3237 1038 3328 zoclyl,
1069 3237 1207 3326 Sarelel,
1240 3245 1273 3308 et
1287 3237 1469 3308 coronulam

339 3347 478 3417 fratrum
493 3346 586 3416 Bulla
600 3353 759 3435 uocatam,
783 3352 951 3418 ulterram
967 3346 1205 3417 Grouifcrorum
1221 3346 1263 3414 de
1278 3347 1400 3434 liauga
1423 3367 1471 3416 ex

338 3456 453 3544 altera,
469 3455 644 3546 prouidere
659 3457 876 3544 dignaremur.
913 3457 1033 3525 Verum
1049 3455 1126 3544 quia
1141 3475 1207 3524 non
1223 3455 1395 3526 constabat
1409 3476 1470 3524 rso·

339 3564 389 3632 bis
405 3565 446 3634 de
461 3567 622 3652 qualitate
637 3573 671 3635 et
687 3566 870 3652 quantitate
885 3563 973 3635 dieto
988 3572 1083 3649 terre,
1100 3563 1240 3632 caudam
1255 3562 1468 3652 inquisicioni

340 3672 430 3742 llarc
447 3673 580 3743 Comitis
596 3674 874 3764 Zulgajauriensis
890 3681 924 3741 ct
934 3673 1076 3762 Capituli
1086 3672 1262 3742 Nitriausis
1273 3671 1470 3741 dilecturum

341 3789 373 3850 ct
388 3779 530 3850 fidelium
547 3789 726 3852 neruorum
744 3782 975 3855 commisimus.
1024 3781 1087 3862 Qui
1103 3781 1198 3851 nobis
1212 3801 1272 3869 per
1286 3799 1364 3850 suas
1378 3780 1470 3851 litla-

341 3911 395 3960 rus
411 3891 665 3981 rescripseruul5
690 3891 809 3962 dictam
824 3899 945 3962 terram
961 3911 1033 3961 esec
1064 3909 1213 3979 uacuum,
1245 3896 1279 3958 et
1306 3886 1471 3959 sufficien-

341 4007 406 4068 tem
424 3999 498 4071 usui
512 4000 609 4070 unius
625 4002 727 4070 aratri
746 4008 778 4070 et
794 3998 934 4088 dimidij,
950 4005 985 4068 et
1001 4019 1075 4070 esse
1090 4006 1210 4068 terram
1225 3995 1335 4068 (lustri
1352 3997 1475 4084 Zaiga-

334 4108 525 4196 jauriansis,
553 4115 649 4197 prout
665 4109 707 4179 de
718 4108 950 4199 jobagionibus
963 4107 1110 4177 eiusdem
1127 4104 1232 4176 Gastri
1249 4113 1282 4177 et
1299 4105 1375 4194 slijs
1391 4105 1475 4174 rioi-

342 4218 393 4288 nir
409 4219 494 4288 scire
508 4218 658 4288 aeracius
673 4225 861 4307 potuerunt
885 4214 993 4296 Quam
1009 4235 1070 4285 uos
1102 4237 1161 4306 pru
1192 4214 1409 4285 fidelitatibus
1438 4221 1475 4284 et

341 4327 490 4415 seruiciJs
507 4325 667 4397 dictorum
683 4325 818 4396 (lomitis
834 4323 976 4416 Zoohpd,
991 4323 1129 4416 Seresel,
1144 4330 1179 4394 ct
1193 4344 1322 4394 suorum
1332 4322 1475 4394 fratrum

343 4434 492 4505 dedimus
508 4435 643 4523 eudem,
675 4433 868 4504 donauimus
884 4441 917 4503 ct
931 4433 1135 4522 contulimus,
1164 4452 1204 4502 ac
1218 4431 1366 4522 ipsorum
1380 4433 1475 4502 luere·

344 4542 439 4610 dibus
450 4543 526 4629 jure
540 4549 696 4632 perpetuo
712 4551 745 4614 ct
760 4542 1021 4616 irreuocabiliter
1037 4540 1273 4631 possidendam
1289 4547 1323 4613 et
1353 4541 1476 4612 haben·

345 4649 430 4719 darn.
454 4649 496 4719 Et
511 4657 596 4724 mete
611 4649 715 4740 ipsius
731 4659 826 4742 terre,
852 4659 948 4740 prout
963 4651 1150 4742 Capitulum
1166 4649 1343 4742 Nytricnse
1359 4649 1475 4722 fideles
