3182 5200
643 865 695 933 te.

106 1065 155 1156 ΙΠ
171 1065 279 1134 madre
294 1064 474 1150 Mrdlycak
500 1087 522 1128 a
549 1062 651 1130 corre
677 1085 784 1150 mappa
799 1063 907 1151 faletti
930 1066 1251 1152 tewcnytccoea'pot‘

112 1177 256 1262 &append
279 1171 463 1258 domme
488 1195 510 1237 a
534 1171 686 1256 tcpwkua'
711 1173 792 1256 apae
821 1177 853 1238 de
880 1184 1041 1238 tacendae·
1068 1173 1232 1238 Macra.

556 1277 653 1346 iaie.
676 1277 784 1344 Wadi.

209 1473 362 1542 mnae
377 1472 440 1542 lici
457 1473 571 1560 gracia
587 1472 835 1558 Ηυμήοὶἰοι
851 1477 913 1539 ete.
933 1471 1083 1541 omnibns
1097 1491 1251 1562 presens.

113 1579 257 1666 scripturn
286 1579 483 1668 inspecturis
505 1578 650 1647 naim
665 1579 700 1646 in
717 1595 769 1665 eo,
798 1578 929 1670 quistet
955 1573 1047 1647 salus
1069 1579 1223 1648 omium.

16 1641 22 1756 t

16 1757 21 1908 t

109 1688 192 1756 iicet
220 1689 306 1756 inter
332 1693 446 1755 caera
475 1685 629 1753 areana
660 1701 763 1773 opera
792 1683 958 1771 lugiendi
986 1685 1177 1754 beneficium
1208 1707 1250 1756 a·

110 1795 261 1882 pasqua
274 1809 407 1882 smper
422 1793 686 1878 commendatum
703 1792 750 1860 iiri
764 1797 873 1860 muner
890 1796 1045 1862 mmoria
1075 1795 1229 1879 precipue
1244 1831 1247 1836 ·

111 1903 353 1987 commendatur,
370 1903 425 1971 ubi
441 1920 501 1988 pro
516 1901 622 1968 salute
636 1901 741 1986 ipsius
757 1897 939 1984 largientis,
967 1900 1113 1969 numen
1140 1918 1228 1972 rece

111 2017 210 2094 penes
225 2007 660 2080 Diananniaericordian
677 2005 731 2077 die
744 2017 907 2094 nomque
919 2009 1247 2096 dnemctiterdeprc·
1386 2111 1392 2126 Ι

109 2126 221 2184 centua
245 2117 321 2186 Hae
330 2117 447 2201 maone
462 2115 594 2184 racione
609 2114 787 2183 scinbriter
803 2114 991 2202 premuniti,
1004 2116 1126 2183 ¹Iiortnci
1141 2117 1227 2202 'dop-

108 2226 163 2291 iiee
177 2227 217 2292 de
233 2225 353 2310 Gom,
369 2233 480 2294 noane
497 2222 650 2290 uidelicet
666 2224 772 2310 prime
803 2223 989 2292 &sotionis
1011 2221 1226 2310 plantacioni,

109 2334 301 2400 concedimus
319 2340 351 2398 et
367 2331 524 2414 volumno,
550 2337 585 2396 nt
612 2329 790 2398 Comitatus
823 2331 927 2398 Gerre
958 2350 1030 2397 cnm
1062 2329 1226 2400 universis

108 2440 166 2508 anis
181 2437 394 2525 pertinenciis
411 2447 444 2506 et
460 2438 591 2524 populis
608 2437 642 2504 in
659 2455 698 2506 eo
716 2439 1005 2524 commorantibus,
1031 2449 1140 2524 preter
1165 2460 1224 2509 sex

109 2550 344 2635 generationes,
360 2549 407 2614 ita
422 2547 570 2615 serviant
586 2551 618 2613 et
636 2565 675 2612 ea
700 2545 946 2627 consuetudine,
973 2567 1038 2632 qna
1069 2567 1128 2615 noe
1160 2551 1226 2615 iam

108 2651 214 2721 dndnm
229 2657 336 2740 Regia
350 2653 532 2722 Maiestatis
550 2653 700 2720 libertate
717 2674 789 2720 cnm
807 2654 979 2740 privilegio
1011 2661 1123 2723 nostre
1152 2674 1224 2724 con·

108 2757 261 2832 firmantes
276 2765 314 2832 in
329 2769 520 2848 perpetuum
537 2761 756 2828 concessimus
777 2761 994 2831 cernendum.
1019 2761 1242 2852 Quapropter·

108 2864 182 2936 hanc
197 2880 311 2938 nostre
328 2869 523 2938 donaciones
544 2867 755 2936 stabilitatem
781 2868 984 2955 presencium
1007 2875 1225 2954 posterorum·

108 2993 161 3055 qne
175 2976 295 3046 notioie
312 2975 548 3062 significantes,
564 2975 699 3043 tirmiter
718 2975 833 3044 damus
863 2977 896 3042 in
927 2976 1081 3042 mandato
1113 2985 1224 3046 nostro

107 3081 183 3150 fideli
196 3085 298 3170 Bane,
311 3084 561 3153 videlicetnnnc
577 3083 730 3150 existenti
745 3091 779 3151 et
792 3082 940 3152 omnibns
951 3083 1224 3170 quicunqnelcco

107 3188 149 3254 vel
162 3199 306 3278 tempore
323 3190 434 3275 aliquo
451 3197 526 3275 post
541 3189 648 3274 ipsum
663 3187 784 3256 suerint
800 3189 1029 3276 constituendi,
1061 3198 1222 3273 qnatenus

18 3359 20 3384 ¹
108 3295 252 3366 innatam
273 3305 307 3364 et
322 3295 501 3363 Monachus
518 3295 636 3363 Sancte
648 3283 755 3362 Mario
770 3295 803 3361 in
820 3295 957 3382 Tcplica
985 3297 1027 3362 de
1052 3295 1156 3365 Gerra
1189 3307 1223 3367 et

18 3393 20 3452 t
107 3408 245 3490 poputum
263 3403 330 3472 sihi
344 3404 534 3489 subiectum,
550 3423 611 3470 nec
626 3422 683 3488 pro
700 3403 857 3472 descensu
873 3410 987 3471 contra
1018 3405 1220 3474 voluntatem

19 3515 21 3604 ξ
106 3511 230 3580 Atinatis
247 3511 283 3576 in
299 3510 420 3598 populo
436 3509 582 3578 Ecciede
599 3509 774 3596 exigendo,
790 3529 851 3577 ncc
867 3529 927 3596 pro
941 3512 1132 3594 gravamine
1161 3515 1222 3582 ati-

19 3793 25 3872 n

20 3949 24 4044 i

19 3609 21 3644 ⁸
108 3619 188 3686 cuins
205 3619 391 3687 exactionis
406 3615 601 3701 inquirendo
631 3616 785 3702 deinceps
813 3617 996 3700 inquietare
1027 3624 1223 3702 presumatis

106 3725 167 3793 sire
179 3729 368 3812 molestare,
380 3725 444 3794 sed
461 3742 500 3794 ec
517 3723 588 3792 inre
603 3730 638 3792 et
656 3723 816 3810 libertate,
833 3746 898 3810 qna
913 3744 972 3792 nos
1003 3745 1061 3811 per
1093 3727 1221 3814 privile-

107 3836 186 3916 giam
201 3840 348 3903 nostram
364 3833 412 3900 eis
426 3832 657 3918 comeseimns,
673 3831 808 3917 pacifice
833 3833 923 3917 ipsos
954 3834 1119 3920 possidere
1150 3859 1220 3924 pen·

106 3942 240 4012 mittatis.
264 3944 421 4012 Preterea
434 3941 600 4010 universio
616 3941 743 4026 populis
761 3948 794 4006 et
818 3941 1047 4025 iobegionibus
1074 3954 1219 4014 castren·

107 4049 185 4118 sibus
202 4049 246 4116 ad
263 4049 427 4136 prefatam
439 4049 625 4118 donatam
643 4048 866 4134 spectantibus
890 4049 1081 4118 mandamns
1107 4059 1140 4118 ct
1170 4052 1220 4118 tir·

108 4159 192 4224 niter
207 4157 415 4245 precipiens,
432 4163 596 4241 qnatenus
612 4155 700 4223 omni
716 4162 841 4223 remota
856 4155 973 4224 erroris
989 4155 1130 4240 ealigine
1143 4157 1238 4228 fide·-

108 4262 171 4332 liter
186 4272 219 4332 et
234 4266 344 4333 debito
357 4285 448 4333 more
479 4263 646 4350 sepedicto
672 4263 819 4332 danda
849 4263 970 4330 Abbati
1002 4271 1035 4332 et
1065 4262 1220 4333 fratribus

107 4373 167 4437 suis
181 4375 305 4442 servire
322 4373 481 4443 studeatis
496 4373 530 4439 in
548 4372 705 4458 omnibns,
721 4372 804 4438 aient
821 4371 913 4438 decet
929 4370 1067 4438 dominis
1093 4374 1236 4439 restris..

21 4457 23 4544 t

188 4535 347 4596 (maresia,
367 4536 491 4588 nonum.
511 4536 575 4586 nise.
597 4535 689 4599 nprsc.
710 4535 904 4602 amausensis
923 4536 945 4586 1.
965 4535 1023 4584 noo.
1046 4538 1087 4586 aa.
1107 4537 1138 4596 r.)
1176 4505 1190 4528 '
