3184 5186
858 950 936 1022 85¹2.

330 1150 467 1239 spalato
484 1157 578 1220 cetron
592 1154 723 1240 kdasdpo
739 1151 988 1218 erectaerecta
1005 1150 1024 1214 1
1030 1149 1065 1215 V.
1083 1151 1164 1216 Beda
1179 1171 1315 1236 mappae
1332 1147 1462 1233 eirolp-

803 1261 869 1325 boa.
894 1260 992 1324 1261.

432 1451 471 1519 In
487 1452 616 1519 nomine
631 1449 762 1518 Domini
778 1449 856 1518 Jesu
873 1449 1002 1538 Christi,
1019 1469 1124 1518 amen.
1139 1449 1234 1516 Anno
1246 1450 1463 1517 aNativitate

326 1561 472 1630 eiusdem
504 1563 598 1629 1261.
614 1557 793 1626 indictione
808 1561 839 1627 4.
855 1557 907 1624 die
923 1557 1020 1624 tertia
1051 1557 1171 1624 mensis
1203 1556 1352 1644 Augusti,
1384 1580 1458 1642 reg-

324 1677 425 1737 nante
457 1667 587 1735 domino
604 1675 712 1735 nostro
728 1667 810 1733 Bela
825 1665 1039 1734 Serenissimo
1053 1667 1143 1748 Rege
1160 1666 1313 1752 Ungarie,
1332 1673 1458 1751 tempo-

325 1779 415 1846 ribus
445 1775 569 1844 domini
601 1775 729 1860 Rogerii
754 1773 953 1842 venerabilis
977 1773 1464 1861 SpaiatensisArcbiepiseopi,

324 1885 434 1952 Miobc
464 1882 575 1967 Medii,
591 1883 742 1966 Gregorii
760 1881 873 1950 Grnbe
890 1889 921 1949 et
938 1881 1024 1948 Petri
1041 1879 1168 1947 Zaecbe
1183 1881 1346 1950 Judioum.
1361 1883 1457 1950 Jndi·

325 2013 380 2061 ees
397 1989 577 2080 supradicti
593 1990 702 2056 Mioha
716 1997 750 2056 et
766 1989 944 2074 Gregorius
961 2010 1032 2056 cum
1050 2009 1209 2055 consensu
1227 1996 1260 2057 et
1286 1991 1457 2056 voluntate

325 2099 484 2168 nobilium
516 2099 666 2167 Civitatis
696 2096 767 2165 sive
793 2097 1042 2165 Communitatia
1059 2104 1091 2163 et
1106 2116 1164 2182 pro
1180 2096 1255 2182 ipsa
1271 2095 1458 2164 Communi·

328 2215 396 2274 tate
412 2209 543 2294 plenam
568 2205 773 2273 contulerunt
789 2209 983 2289 potestatem
1001 2204 1133 2270 domino
1147 2200 1270 2270 Thome
1285 2203 1458 2274 Archidia-

326 2337 407 2384 cono
425 2323 456 2382 et
474 2313 600 2381 Marino
616 2313 808 2400 Bonainnte,
825 2332 905 2396 qnos
922 2311 957 2378 in
973 2309 1225 2378 ambasciatores
1244 2310 1395 2380 Civitatis
1412 2311 1459 2378 ad

326 2423 492 2491 dominum
524 2423 646 2505 Regem
679 2419 898 2504 destinabant,
932 2416 1121 2486 inveniendi
1153 2415 1357 2486 denariorum
1393 2422 1458 2487 sub

323 2536 434 2597 mutuo
469 2549 566 2614 super
596 2529 669 2613 ipsa
699 2526 938 2595 communitate
973 2567 1009 2577 -
1047 2562 1083 2571 -
1108 2561 1150 2572 -
1167 2525 1325 2611 inprime
1342 2528 1457 2610 riagio

325 2635 432 2704 eundo
462 2635 515 2703 vel
545 2633 711 2702 redeundo
742 2653 799 2701 seu
834 2631 952 2701 stando
978 2654 1038 2719 pro
1068 2633 1269 2719 expensariis
1301 2638 1450 2720 oportet,

325 2743 547 2832 promittentes
578 2763 636 2829 pro
667 2742 781 2809 eadem
814 2739 1060 2829 Communitate,
1091 2739 1190 2826 qnod,
1219 2739 1380 2826 quidquid
1396 2761 1456 2827 per

325 2872 381 2920 eos
397 2859 507 2918 mutue
524 2855 692 2936 acceptum
709 2849 816 2934 inerit,
831 2850 906 2935 ipsa
922 2848 1143 2916 Communitas
1160 2848 1288 2933 integre
1303 2847 1456 2914 restituet

324 2967 357 3028 et
372 2962 475 3028 solvet
507 2979 578 3025 oum
609 2962 765 3026 bonorum
797 2958 941 3026 eiusdem
966 2955 1215 3025 communitatis
1235 2955 1451 3041 obligatione.

321 3068 439 3136 Actum
455 3066 583 3154 Spalati
599 3065 685 3134 inira
699 3066 813 3133 ambas
830 3077 954 3152 portas,
971 3065 1177 3152 presentibus
1193 3064 1322 3132 Joanne
1343 3064 1452 3148 Oigai·

323 3174 375 3262 de,
407 3177 509 3242 Creza
541 3175 682 3261 Gazette,
716 3172 848 3260 Dnijmo
879 3173 1012 3262 Catarii,
1036 3173 1143 3240 Debre
1158 3171 1298 3241 Dussiae
1314 3173 1453 3240 testibus

321 3291 381 3352 ete.
399 3291 431 3350 et
451 3284 536 3350 aliis.
554 3282 624 3365 Ego
641 3281 784 3348 Thomas
799 3279 956 3347 Dussizae
971 3263 1177 3348 examinator
1193 3299 1325 3346 manum
1341 3299 1452 3346 meam

322 3390 404 3458 misi.
419 3391 488 3474 Ego
505 3391 662 3473 Magister
677 3386 874 3456 Francisous
890 3387 1056 3473 Imperiali
1073 3387 1275 3456 Auctoritate
1293 3385 1453 3454 Notarius

324 3506 357 3564 et
373 3517 459 3564 nuno
476 3495 663 3563 Communis
680 3495 806 3582 Spalati
822 3495 959 3562 duratus
984 3493 1047 3561 hiis
1079 3495 1226 3562 omnibns
1258 3491 1394 3560 interfui
1411 3513 1453 3560 ex

321 3607 473 3673 mandato
484 3625 523 3672 ao
534 3606 703 3673 voluntate
718 3603 871 3672 Jndioum
886 3605 1112 3694 predictorum,
1128 3605 1257 3674 testium
1268 3611 1302 3671 et
1313 3603 1453 3689 plurium

322 3713 455 3780 aliomm
472 3713 626 3781 nobilium
643 3711 794 3782 Civitatis
810 3712 924 3802 scripsi
939 3719 973 3780 et
988 3712 1139 3782 roboravi
1156 3720 1215 3781 eta

446 3912 580 3979 (najoaras,
599 3911 722 3965 nonum.
743 3925 784 3978 sp.
804 3911 870 3964 msa.
890 3909 965 3963 snv.
983 3889 1082 3964 merra
1102 3913 1124 3964 r.
1144 3913 1202 3964 rsa
1219 3915 1262 3962 oe.
1282 3909 1314 3975 ι.)
