3206 5184
362 1133 420 1202 IV.
447 1133 591 1203 Kelemea
601 1137 697 1222 pa'pc
722 1137 904 1224 acepcapcdc'
929 1162 950 1204 a
980 1137 1114 1226 repasci
1144 1137 1493 1220 camelopardalum,

362 1245 440 1332 kopp
470 1243 625 1331 valcarclp
662 1245 758 1311 aedile
797 1247 1042 1333 adomanpoaotc
1074 1250 1169 1314 briant
1202 1248 1493 1334 elidepeottbeastk.

885 1357 984 1423 1267.

469 1550 618 1619 Clemens
635 1550 822 1637 Episcopus
838 1572 952 1620 seruus
967 1571 1134 1619 seruorum
1161 1552 1223 1619 Dei
1254 1553 1384 1620 dilectis
1414 1552 1494 1638 filijs

363 1656 466 1724 Priori
483 1665 514 1726 et
530 1659 685 1726 iratribus
702 1658 835 1727 Ordinis
851 1659 1092 1726 Prodicatorum
1123 1661 1374 1744 Raguaiensiam
1406 1662 1494 1727 salu·

361 1773 424 1832 tem
443 1774 474 1834 et
490 1766 710 1850 Apostolicam
728 1764 997 1834 benedictionem.
1024 1769 1072 1832 Ex
1090 1774 1184 1852 parte
1199 1775 1308 1834 vestra
1324 1767 1492 1834 nobisiuit

362 1875 553 1961 expositum,
574 1872 661 1956 quod
677 1875 840 1958 quondam
857 1875 1014 1942 Jacobiza
1039 1875 1109 1940 filia
1139 1875 1199 1942 riri
1225 1876 1422 1961 Capiteseldi
1454 1875 1495 1940 de

362 1981 516 2066 Rugusio,
533 1989 608 2046 tunc
624 1979 735 2066 vidua,
754 1981 917 2066 quandam
933 1982 1063 2050 domum
1080 2003 1172 2052 suam
1200 1984 1233 2050 in
1256 1983 1400 2068 Rugusio
1433 1985 1495 2050 sub

367 2088 461 2156 domo
478 2087 638 2157 lobannis
655 2088 811 2156 Corriazii
827 2091 869 2157 ad
887 2111 922 2158 se
938 2097 1140 2176 spectantem
1156 2112 1227 2157 eum
1244 2091 1393 2159 omnibus
1421 2113 1493 2176 per-

365 2196 511 2282 tinenlijs
529 2204 560 2265 et
578 2198 772 2267 utensilibus
800 2201 879 2286 suis,
911 2200 1004 2266 vobis
1031 2200 1226 2286 babendum,
1260 2199 1496 2286 possidendam

364 2313 517 2392 perpetuo
535 2315 566 2373 et
583 2305 766 2396 tenendam,
791 2329 832 2374 ca
848 2309 1034 2376 conditione
1051 2308 1181 2374 adiecta
1197 2309 1229 2374 in
1247 2310 1364 2374 ultima
1381 2311 1494 2376 volun-

361 2420 429 2480 tate
445 2413 578 2498 legauit,
612 2422 646 2481 ut
663 2418 691 2483 si
707 2435 786 2482 casu
803 2417 913 2500 aliquo
931 2438 988 2484 vos
1006 2416 1206 2500 contingeret
1222 2416 1261 2482 de
1278 2417 1411 2482 ciuitate
1444 2417 1494 2482 di·

360 2520 493 2590 scodere
516 2525 694 2611 Ragusina,
722 2525 837 2593 domus
868 2527 942 2611 ipsa
969 2525 1099 2592 deberet
1131 2525 1175 2591 ad
1199 2526 1348 2592 Ecclesie
1374 2525 1498 2591 Sancte

358 2629 460 2696 llario
484 2631 617 2698 Maioris
652 2633 887 2716 Ragusinensis
906 2633 1098 2721 canonicos,
1130 2633 1233 2700 nullis
1249 2635 1290 2698 ab
1307 2632 1391 2718 ipsis
1417 2631 1498 2698 nlic-

360 2738 470 2804 nauda
488 2741 688 2824 temporibus
706 2740 870 2808 deuenire.
897 2739 976 2808 Cum
994 2742 1103 2827 igitur,
1130 2741 1338 2821 masseritie,
1369 2740 1498 2807 delibe-

359 2847 485 2913 ratione
503 2847 617 2915 habita
635 2849 853 2936 firmauerilis,
887 2867 1051 2932 nunqnam
1068 2849 1187 2916 dietam
1204 2849 1356 2916 deserere
1373 2849 1498 2915 Ciuita·
1530 2895 1534 2902 ·

362 2959 437 3042 tem,
465 2962 496 3022 et
514 2954 643 3022 domum
661 2954 776 3041 ipsam,
809 2977 905 3040 quam
922 2956 1059 3042 habetis,
1092 2964 1204 3022 tenere
1229 2955 1360 3023 statutis
1393 2957 1494 3022 uestri

360 3060 493 3128 Ordinis
510 3063 717 3131 obniantibus
736 3085 799 3130 non
826 3063 978 3149 possitis;
1005 3063 1218 3150 supplicastis
1249 3063 1426 3146 humiliter,
1458 3073 1493 3130 ut

361 3171 527 3238 vendendi
547 3192 628 3256 carun,
645 3183 677 3238 et
694 3174 832 3260 pretium
851 3173 1094 3259 percipiendum
1112 3193 1152 3240 cx
1168 3173 1242 3257 ipsa
1259 3172 1291 3237 in
1317 3173 1493 3238 utilitatem

360 3279 424 3344 loci
442 3284 545 3348 rostri
562 3283 707 3350 totaliter
723 3282 940 3366 conuertendi,
958 3280 1146 3347 conditione
1162 3301 1227 3347 non
1244 3280 1396 3346 obstante
1422 3299 1494 3362 pre-

359 3388 457 3474 dicta,
477 3391 640 3456 licentiam
659 3389 750 3456 uobis
767 3389 944 3456 concedere
961 3409 1157 3456 curaremus.
1170 3391 1237 3454 Nos
1253 3389 1365 3470 itaque
1376 3389 1490 3456 vestris

361 3499 513 3578 precibus
530 3499 692 3584 inclinati,
726 3497 893 3564 devotioni
926 3507 1032 3565 vostre
1063 3496 1256 3564 auctoritate
1290 3496 1490 3580 presentium

357 3588 522 3672 ¹leentiam
540 3607 746 3674 concedimus
763 3607 978 3693 postulatam3
1003 3609 1052 3672 ita
1067 3613 1185 3688 tamea,
1211 3605 1299 3689 quod
1332 3605 1373 3670 de
1404 3604 1490 3670 exiri·

357 3714 465 3780 bendo
482 3715 544 3780 sibi
564 3718 669 3800 prelio
687 3714 881 3800 huiusmodi,
906 3716 933 3782 si
950 3713 988 3779 dc
1005 3716 1146 3780 Ciuitate
1162 3713 1237 3798 ipsa
1251 3711 1408 3779 recedere
1434 3733 1488 3776 ros

360 3823 540 3908 contingat,
557 3821 600 3888 ad
617 3825 778 3890 cautelam
795 3823 1007 3890 sufficientem
1025 3822 1177 3906 prestetis
1194 3819 1328 3906 prefatis
1347 3818 1487 3885 Canoni-

356 3932 403 3997 eis
422 3931 612 3998 corilionem.
646 3933 766 3998 Datum
782 3930 919 4016 Viterbij
937 3931 1028 3997 Vlll.
1043 3931 1117 3997 idus
1135 3931 1256 4016 Aprilis
1274 3928 1483 3996 Pontificalus

356 4039 459 4106 nostri
476 4060 562 4106 auno
577 4038 682 4108 tertio.

570 4239 698 4303 (durlaci,
720 4240 867 4304 Illyricum
888 4239 1003 4290 Sacrum
1023 4239 1069 4290 VI.
1091 4238 1269 4301 labamur.)
