3160 5208
320 421 445 540 lllatlrel
461 444 625 531 videlicet,
641 443 730 512 Petri
747 454 778 512 et
795 447 954 530 Emerini;
986 447 1063 512 inde
1079 447 1243 514 inuenitur
1259 448 1367 532 vallis,
1394 468 1463 530 per

318 573 419 636 quam
435 555 553 624 transit
568 556 684 623 eadem
699 555 765 640 via,
782 555 816 622 in
833 555 924 622 cuius
956 554 1063 623 medio
1095 564 1144 623 est
1175 557 1317 640 quedam
1348 559 1460 643 pirus,

212 704 216 712 ι
316 682 422 747 super
438 662 528 730 cuius
544 662 688 748 stipitem
704 666 791 727 terra
807 669 1008 746 congregata
1025 668 1074 729 est
1091 681 1148 746 pro
1159 670 1266 746 meta,
1283 665 1336 732 vbi
1348 664 1461 731 eciam

319 776 412 840 tenet
428 778 544 838 metam
562 791 634 838 oum
651 769 726 853 filijs
742 768 879 856 Herebo,
897 769 1044 854 Stepano
1059 769 1212 836 videlicet
1227 777 1259 836 et
1272 771 1460 856 Zobozlov;

324 881 358 945 et
372 875 447 944 inde
463 897 581 961 aquam
598 875 769 962 Dwdwag,
785 882 818 942 et
833 895 951 959 aquam
969 877 1147 962 Bystums3
1188 885 1303 963 postes
1318 889 1350 946 et
1376 879 1462 948 inde

322 989 485 1056 transiens
501 1006 559 1071 per
575 984 716 1053 medium
732 984 818 1072 prati
833 985 921 1051 venit
938 985 981 1052 ad
997 1006 1094 1052 vuum
1110 987 1225 1073 locum,
1242 989 1298 1072 qui
1311 999 1463 1058 vocatur

323 1097 509 1183 Feketesar,
526 1095 581 1161 vbi
597 1101 684 1160 tenet
699 1099 816 1160 metam
834 1113 905 1160 cum
922 1093 1001 1158 villa
1016 1094 1095 1180 Bey,
1107 1094 1202 1161 terris
1216 1096 1362 1163 eiusdem
1373 1098 1460 1163 ville

322 1206 393 1290 Bey
408 1202 667 1290 pertingentibus
683 1220 785 1285 usqne
801 1200 843 1265 ad
861 1199 982 1266 dictum
998 1200 1195 1284 Felrctesar3
1212 1209 1244 1270 et
1258 1201 1335 1270 inde
1344 1205 1461 1272 eundo

323 1311 458 1380 inferius
475 1309 566 1375 vadit
583 1309 626 1376 ad
642 1317 769 1394 pratum
784 1306 839 1374 vbi
855 1313 906 1373 est
920 1308 1020 1394 pirus,
1050 1328 1147 1394 super
1178 1311 1270 1376 ouius
1303 1309 1455 1396 stipitem

321 1427 409 1485 terra
425 1422 620 1502 congregata
637 1425 687 1482 est
704 1415 852 1484 similiter
869 1436 928 1502 pro
945 1423 1051 1500 meta;
1075 1422 1109 1482 et
1134 1417 1178 1482 ibi
1212 1423 1300 1484 tenet
1332 1425 1456 1487 metam
1553 1469 1554 1482 ,

324 1549 396 1594 oum
411 1525 491 1592 villa
507 1527 724 1612 Byssenorum
742 1532 775 1591 et
791 1525 869 1591 villa
886 1525 976 1610 Bey;
1002 1533 1033 1590 et
1050 1523 1127 1590 inde
1151 1526 1313 1593 transiens
1346 1527 1457 1611 predi·
1553 1543 1554 1548 ’

323 1643 408 1704 ctum
426 1635 556 1702 fluuium
574 1633 736 1717 Dwdwag
752 1634 924 1700 reuertitur
941 1633 985 1699 ad
1003 1633 1140 1718 primam
1168 1640 1295 1700 metam.
1333 1635 1457 1701 Verum

322 1745 398 1831 quia
413 1740 575 1829 presentis
591 1739 751 1826 priuilegij
771 1740 871 1806 series
889 1739 1006 1825 prioris
1024 1739 1124 1824 sigilli
1141 1741 1243 1806 nostri
1260 1741 1453 1828 munimine,

318 1850 409 1938 qrsod
424 1850 458 1915 in
475 1847 633 1916 occisione
649 1849 773 1931 Regine
789 1845 961 1915 Gertrudis
986 1855 1094 1912 nostre
1109 1845 1317 1914 dilectissime
1344 1851 1458 1916 coniu-
1553 1855 1554 1860 ’

319 1961 373 2044 gis
390 1958 450 2024 luit
466 1955 680 2043 deperditum,
698 1955 893 2039 consignata
923 1953 1029 2020 fuerat
1047 1979 1054 2019 :
1080 1963 1263 2039 presentem
1297 1957 1455 2040 paginam

321 2063 541 2135 renouandam
559 2063 627 2131 lore
642 2063 778 2148 dignum
796 2063 958 2148 duximus,
975 2074 1008 2129 et
1025 2063 1091 2130 alio
1108 2063 1227 2150 sigillo,
1242 2064 1457 2144 qnodcontra

322 2177 405 2242 false
423 2171 647 2240 capillacionis
671 2169 860 2237 dolositates
888 2189 950 2254 que
981 2176 1114 2255 possent
1145 2171 1310 2254 accidere,
1342 2175 1455 2257 parari

208 2272 212 2282 ’
322 2284 467 2367 fecimus,
486 2287 520 2346 ut
536 2278 625 2345 lacta
651 2298 709 2364 per
733 2298 792 2345 nos
823 2279 889 2345 iam
921 2278 1003 2344 dicte
1034 2283 1118 2343 terre
1141 2274 1298 2344 Costulsu
1322 2281 1455 2349 nomine

322 2388 450 2478 prefato
467 2387 571 2454 Sebus
587 2385 756 2471 Magistro,
774 2393 806 2452 et
822 2406 880 2471 per
896 2405 969 2453 eum
987 2385 1055 2452 suis
1079 2385 1232 2469 legitimis
1258 2389 1454 2455 successori-

323 2505 382 2566 bus
398 2498 536 2563 donacio
553 2502 619 2560 tam
636 2495 757 2561 nostris
774 2514 870 2577 quam
887 2500 1069 2560 nostrorum
1085 2512 1311 2560 successorum
1328 2503 1452 2580 tempo-

320 2610 411 2675 ribus
428 2605 520 2672 firma
536 2623 662 2691 semper
678 2608 710 2668 et
725 2600 979 2670 inretractabilis
995 2611 1198 2689 permaneat,
1216 2604 1453 2689 inperpetuum

322 2713 555 2782 roborauimus.
580 2713 780 2786 Renouatmn
798 2729 857 2796 per
871 2729 986 2776 manus
1004 2709 1128 2776 Thome
1154 2709 1306 2777 Albensis
1333 2711 1453 2799 Prepo

323 2824 376 2890 siti
393 2829 426 2890 et
442 2822 517 2887 aule
532 2819 635 2903 Regis
661 2817 854 2902 Cancellarij
888 2837 972 2883 anuo
1004 2816 1177 2884 Dominice
1210 2818 1454 2888 incarnacionis
1553 2901 1554 2904 Ἴ

322 2930 425 2999 M⁰OO
433 2928 520 2995 ⁰le
528 2940 548 2993 ⁰.
587 2926 778 2994 Venerabili
815 2924 967 2992 iohanne
997 2923 1224 3013 strigoniensi,
1262 2927 1455 3022 Reuerendo

322 3035 473 3107 Bertoldo
490 3033 680 3101 Gholoceusi
691 3032 950 3118 Archiepisoopis
962 3031 1176 3101 existentibus
1189 3059 1196 3119 ;
1211 3033 1342 3102 Kaleuo
1351 3033 1455 3113 Quin·

321 3141 586 3234 queecolesiensi‚
626 3138 823 3227 Kathapano
839 3139 1001 3224 Agriensi,
1032 3138 1198 3206 Willelmo
1225 3141 1457 3211 Vitrasiluani·

321 3255 402 3336 ensi,
420 3249 592 3320 Desiderio
608 3247 815 3335 (benedicunt,
844 3247 939 3314 Petro
957 3246 1141 3334 Geuriensi,
1166 3248 1307 3315 Roberto
1325 3251 1456 3337 Vespri-
1552 3295 1554 3310 2

323 3362 447 3447 micnsi,
464 3357 599 3426 Stefauo
616 3353 840 3442 Zagrabiensi,
871 3353 995 3422 Jacobo
1011 3355 1164 3422 Vaciensl
1193 3356 1366 3442 lipisoopis
1393 3361 1456 3426 Ec·

322 3470 439 3535 elesias
455 3466 593 3535 feliciter
608 3463 870 3548 gubernantibus.
911 3463 987 3530 Jula
1003 3461 1163 3549 Palatino,
1195 3465 1325 3551 Pousay
1350 3467 1454 3556 Bano,

322 3576 469 3642 Dionisio
486 3573 642 3656 Magistro
658 3571 912 3637 Tauarnicorum
930 3579 963 3636 et
979 3568 1104 3636 comite
1120 3569 1207 3637 Noni
1224 3567 1342 3656 castri,
1374 3573 1457 3660 Ipoo

322 3679 503 3767 Wayuoda,
531 3679 618 3746 Oouz
651 3678 772 3745 Ouriali
805 3676 929 3746 (inmite
960 3679 1182 3764 existentibus,
1212 3679 1318 3764 Regni
1350 3683 1456 3750 nostri

321 3809 408 3856 anno
425 3786 624 3854 duodecimo.

321 3989 358 4052 (A
387 3987 470 4053 gybri
500 3985 696 4050 keptalannak
726 3987 803 4035 1397.
837 3985 1064 4046 »quartodecimo
1095 3983 1228 4038 kalendas
1259 3985 1455 4048 Nouembris,‹

322 4077 462 4128 »Comites
481 4076 576 4127 Temel
595 4079 623 4126 et
641 4075 743 4126 Petrus
762 4073 813 4138 filij
832 4074 928 4137 Petri;
961 4089 994 4125 ao
1013 4075 1135 4127 Thomas
1154 4076 1229 4128 filius
1249 4075 1390 4126 iohannis
1421 4077 1457 4127 de

320 4167 524 4234 Zenthgpmrffi
545 4166 614 4216 item
633 4165 770 4230 Georgius
790 4166 820 4215 et
837 4163 969 4215 Nicolsus
988 4165 1038 4230 fflij
1058 4165 1170 4215 Nicolai
1189 4165 1222 4214 de
1241 4165 1354 4228 Bonyn«
1375 4165 1458 4217 kert-

393 4255 453 4306 stre
472 4255 617 4306 kiadatott
636 4253 808 4316 stiratsb613
828 4268 845 4303 a
864 4253 949 4304 budai
970 4255 1024 4306 kir.
1043 4255 1170 4306 kamarni
1190 4253 1386 4318 levtlttrban.)
