3116 5186
680 1037 756 1110 178.

144 1235 193 1309 II.
208 1241 319 1310 Eodre
335 1240 446 1329 kirdly
459 1241 719 1329 tetyeentaque
734 1261 817 1306 ason
825 1232 1032 1324 sedtdtedsket,
1046 1235 1167 1325 melpek
1191 1235 1277 1306 nisti

145 1375 188 1419 az
202 1352 391 1440 wopand
405 1349 563 1440 kdptulau
578 1374 600 1416 a
607 1348 782 1437 felldzedt,
808 1350 841 1413 ds
856 1372 872 1413 e
887 1347 979 1414 miatt
993 1345 1121 1432 kiratpt
1133 1367 1277 1432 porussos

134 1460 278 1548 felytdrr
292 1461 415 1528 mezen
429 1457 578 1526 snebeldbt'
593 1457 763 1524 lakesotas
779 1457 871 1524 umes
896 1452 1144 1543 diemsopadtu·
1177 1455 1275 1528 1233.

492 1657 520 1720 Α
629 1656 657 1722 Β
763 1654 789 1722 G
898 1651 928 1720 D

254 1763 403 1834 Andreas
426 1761 489 1830 Dei
512 1759 627 1848 grueiu
657 1762 727 1830 Ber
757 1759 928 1848 Hungsrie
957 1760 1108 1830 omnibus
1140 1779 1275 1848 presens

143 1873 301 1962 seriptum
316 1869 514 1960 inspueturir
528 1871 670 1938 sulutem
686 1875 719 1939 et
734 1889 830 1938 omne
845 1871 977 1938 bonum.
986 1868 1204 1960 1Vniuersitsti
1221 1891 1275 1940 ve·

142 1991 216 2050 stre
230 1982 342 2048 notum
357 1979 428 2046 tisri
443 1979 604 2063 volumus,
629 1977 715 2062 quod
740 1996 813 2045 eum
843 1977 989 2064 hospites
1020 1976 1210 2070 'l'eothonioj
1240 1977 1275 2046 in

141 2088 229 2158 vitto
242 2085 405 2156 Zebehleb
420 2090 660 2154 commorantes
675 2103 736 2171 pro
749 2103 801 2173 eo,
817 2085 907 2169 quod
922 2083 1042 2154 multos
1072 2085 1209 2156 iniurius
1239 2089 1274 2154 et

143 2198 292 2283 dampno
306 2192 448 2284 plurimu
463 2192 622 2262 frutribus
647 2192 796 2262 Euolesie
819 2191 1052 2280 strigoniensis
1083 2193 1272 2277 intulerunt,

142 2313 180 2374 et
194 2306 245 2374 eis
259 2303 396 2372 robolini
411 2302 597 2389 extiterunt,
614 2305 646 2369 et
660 2319 719 2386 per
733 2299 899 2370 iudicium
915 2305 1070 2389 nostrum,
1087 2301 1171 2372 etde
1182 2319 1272 2372 msu-

35 2406 36 2409 '
141 2415 225 2484 dato
240 2417 350 2481 nostro
365 2407 503 2478 tuissent
518 2408 648 2494 expulsi
663 2408 705 2475 ds
722 2409 791 2477 iure
807 2416 840 2477 et
855 2408 950 2494 eieetj
974 2408 1017 2477 de
1041 2410 1125 2480 villu
1156 2430 1272 2500 preno-

141 2523 281 2610 minato,
298 2539 361 2608 que
376 2539 449 2587 oum
465 2519 616 2587 omuibus
631 2517 725 2586 siluis
743 2525 776 2586 et
791 2518 870 2604 uliJ's
887 2518 1102 2608 pertineueijr
1128 2521 1198 2590 ruis
1226 2522 1273 2590 ud

141 2631 251 2702 diotos
267 2628 388 2698 frenes
403 2628 546 2697 uosoitur
561 2628 746 2715 pertinere;
769 2625 902 2696 tandem
934 2627 1014 2698 dieti
1046 2629 1163 2700 irstros
1192 2631 1271 2716 moti
1366 2707 1369 2711 ,

140 2737 370 2807 miseridordis
384 2733 490 2805 dietor
506 2734 653 2824 hospites
668 2733 888 2806 'l'eothonieos
903 2745 1097 2825 receperunt
1126 2737 1163 2807 in
1192 2737 1272 2808 silit

138 2853 331 2934 memorem,
345 2845 405 2912 tuli
421 2843 609 2914 eondioione
625 2851 658 2912 et
673 2845 912 2931 composioione
927 2846 1014 2915 inter
1045 2852 1155 2934 portes
1186 2847 1272 2920 ordi·

134 2961 224 3023 ·ustu
237 2960 270 3022 et
285 2955 414 3022 firmato
430 2980 438 3021 ε
454 2951 671 3040 promiserunt
685 2951 765 3020 dieti
795 2953 988 3024 'l'eothoniei
1017 2955 1153 3042 prestito
1184 2957 1270 3028 iuru-

142 3067 264 3150 meuto,
281 3059 369 3148 quod
384 3079 442 3128 nee
466 3061 556 3129 tuoto
585 3079 647 3128 nee
678 3057 815 3129 oonsilio
845 3059 979 3130 uenient
1009 3066 1122 3132 nouus
1152 3061 1277 3138 fratrer.

137 3168 290 3239 mimis
304 3175 502 3254 memorute;
527 3166 587 3238 ssd
602 3167 634 3237 ei
648 3163 763 3237 fideles
795 3177 889 3237 erunt
919 3168 955 3237 in
987 3166 1154 3258 omuibus3
1177 3177 1210 3243 et
1240 3173 1269 3242 ri

138 3277 218 3364 quis
233 3277 299 3346 ulio
314 3283 459 3364 tempore
474 3275 577 3345 uellet
590 3294 689 3362 super
704 3272 795 3344 diets
810 3275 895 3346 eills
904 3277 1147 3348 eoumudiotsm
1157 3278 1269 3352 Fonte

138 3386 225 3455 sian
241 3404 371 3455 mouere
386 3382 602 3471 questionem,
617 3382 683 3470 ipsi
712 3403 773 3469 pro
804 3403 902 3471 posse
933 3403 994 3454 suo
1025 3385 1203 3456 mesiam
1235 3395 1269 3457 et

140 3493 329 3563 Ounoniooe
344 3492 556 3562 sdiuusbunt
581 3492 625 3558 Et
639 3492 683 3559 sd
699 3491 760 3560 hee
774 3492 886 3561 omniu
902 3491 1109 3564 obseruando
1139 3513 1176 3566 se
1205 3497 1267 3568 sub

35 3620 37 3623 ·
135 3602 199 3688 tatj
217 3621 303 3688 pens
317 3600 504 3686 obtigerunt
519 3623 527 3667 :
544 3598 632 3685 quod
647 3599 678 3668 ri
709 3599 796 3668 hune
826 3600 1096 3688 eomposieiouem
1127 3601 1267 3692 infrege-

136 3711 217 3796 rint,
231 3710 343 3778 omniu
356 3709 444 3777 bonu
456 3707 602 3794 ipsorum
618 3712 686 3774 tum
702 3706 837 3777 mobilia
851 3727 947 3794 quum
977 3709 1168 3801 immobilis,
1199 3720 1266 3784 tum

137 3817 313 3906 presenoia
328 3814 453 3884 scilieet
468 3835 565 3900 quum
583 3813 702 3903 futuru,
718 3815 763 3884 ud
779 3815 963 3886 Eudemum
979 3817 1179 3906 sepediotum
1195 3821 1267 3893 sine

137 3924 254 4010 aliqua
268 3922 530 3994 oontrudieoione
555 3928 588 3989 et
619 3922 816 4010 exoepeione
846 3923 1081 4012 deuoluuntur3
1106 3934 1140 3995 et
1172 3948 1268 4016 super

136 4037 203 4103 hoo
218 4034 303 4120 omuj
321 4031 509 4120 exeepoionj
527 4035 559 4099 et
584 4050 682 4118 omny
706 4031 769 4116 iurj
801 4033 1039 4102 renuneisruut
1078 4035 1176 4105 Porro
1207 4058 1267 4125 pro

137 4133 332 4226 unoquoque
348 4146 457 4209 urano
473 4139 603 4208 solueut
617 4139 695 4226 dietj
723 4137 869 4226 hospites
895 4140 1065 4208 annuatim
1095 4142 1264 4215 dimidiam

134 4267 281 4317 maroam
297 4245 436 4332 urgentj,
454 4249 487 4314 et
502 4245 636 4316 ouilibet
650 4253 762 4316 aratro
777 4247 902 4318 debent
930 4252 1058 4316 uentum
1091 4255 1123 4318 et
1154 4252 1265 4322 desem

134 4358 251 4442 iugera
267 4353 432 4441 assignari
449 4374 522 4424 oum
539 4353 653 4423 eedem
670 4375 836 4446 mensure,
850 4377 916 4441 quu
932 4357 1080 4445 proximu
1096 4359 1187 4449 villa,
1204 4362 1264 4432 sei-

133 4467 214 4532 lioet
228 4465 375 4552 Longon,
392 4461 475 4532 solet
489 4482 568 4530 suos
584 4481 680 4548 egros
697 4481 894 4533 mensurare.
932 4465 1069 4535 Fontem
1087 4466 1191 4538 seium
1211 4474 1263 4539 uei

129 4573 274 4642 riuulum
290 4591 392 4641 consu
406 4569 579 4640 habitandi
605 4571 657 4640 uel
686 4591 783 4655 egros
813 4571 940 4641 uolendi
970 4595 1034 4642 non
1066 4578 1259 4648 transibunt.

128 4683 213 4752 Item
229 4679 394 4770 predictos
410 4677 593 4750 (iunonioos
619 4682 672 4750 uel
702 4699 812 4751 eorum
842 4689 1082 4771 procuratores,
1113 4687 1259 4774 quoties·
1352 4723 1355 4730 ¹
