3184 5186
820 306 982 406 „rao-

335 501 434 588 ijdem
453 521 551 590 super
568 502 643 588 ipsa
657 510 747 570 terra
771 500 832 569 illc
862 522 965 569 aurea
995 500 1163 585 gaudeant
1193 507 1227 566 et
1257 501 1473 587 perfruantur

336 610 499 691 libertate,
516 630 581 695 qua
595 610 668 677 ueri
684 616 716 677 et
731 609 829 694 primi
843 609 947 694 Regni
963 609 1066 676 nostri
1084 608 1213 676 nobiles
1246 609 1470 694 gratulantur,

335 735 407 784 cum
423 714 457 783 id
473 713 597 782 eisdem
614 734 672 799 per
688 713 807 780 dictum
825 721 951 798 patrem
969 717 1114 782 nostrum
1133 714 1299 797 quondam
1316 714 1467 782 inclitum

335 825 460 908 Regem
475 821 647 908 hungarie
662 841 722 906 pro
738 821 889 906 seruicijs
905 823 1010 907 patris
1025 821 1168 906 ipsomm
1178 821 1366 908 meritorijs‚
1381 823 1471 887 sicut

337 929 486 1016 superins
503 927 706 1016 exprimitur,
722 929 765 996 sit
779 947 980 996 concessum.
996 929 1083 996 Meta
1098 935 1206 996 autem
1223 929 1369 1015 predicte
1379 935 1468 994 terre

336 1034 550 1122 Kyuskolusd
565 1041 692 1118 uocate,
711 1032 888 1101 secundum
906 1032 993 1117 quod
1007 1032 1043 1098 in
1057 1034 1174 1102 litteris
1190 1033 1330 1103 abbatis
1340 1043 1373 1102 et
1383 1034 1468 1102 Con·

337 1149 453 1210 uentus
471 1141 583 1210 Sancti
600 1140 739 1207 Adriani
757 1141 797 1208 de
813 1141 907 1228 Zala,
939 1141 991 1207 cui
1006 1145 1040 1207 in
1064 1142 1227 1209 mandatis
1259 1143 1471 1230 dederamus,

337 1250 495 1317 contineri
511 1249 663 1337 uidimus,
691 1249 756 1316 isto
787 1247 903 1316 ordine
935 1247 1157 1334 distinguntur
1173 1275 1180 1316 :
1196 1248 1309 1317 Prima
1340 1251 1470 1317 scilicet

338 1362 425 1422 meta
441 1354 587 1426 eiusdem
604 1355 720 1442 incipit
736 1376 757 1423 a
774 1364 867 1443 parte
891 1356 1041 1424 orientali
1068 1358 1111 1424 ab
1143 1376 1228 1441 aqua
1258 1356 1341 1423 Zala
1371 1358 1470 1423 iuxta

343 1470 460 1529 terram
477 1462 610 1530 Comitis
625 1462 818 1546 Salomonis,
834 1461 890 1528 ubi
906 1469 981 1528 sunt
998 1463 1061 1530 dne
1078 1471 1163 1530 mete
1180 1472 1296 1551 terree,
1322 1473 1354 1532 et
1370 1465 1472 1531 uadit

337 1589 451 1638 uersus
468 1567 669 1639 occidentem
685 1569 808 1638 directe
823 1569 868 1636 ad
893 1590 1046 1655 magnam
1073 1572 1172 1655 uiam,
1205 1592 1268 1657 que
1299 1570 1386 1638 ducit
1421 1571 1469 1636 ad
1587 1575 1589 1646 t

337 1675 459 1763 (lapan,
476 1677 531 1744 uhi
547 1685 623 1746 suut
639 1681 755 1746 iterato
771 1678 836 1746 due
853 1684 938 1744 mete
953 1685 1077 1762 terree;
1101 1678 1222 1745 abhinc
1246 1680 1324 1745 salit
1354 1680 1467 1764 ipsam

336 1803 490 1869 magnam
507 1786 594 1853 uiam
612 1785 762 1853 similiter
785 1805 901 1852 uersus
927 1785 1141 1872 occidentem,
1172 1794 1206 1853 et
1236 1787 1387 1871 peruenit
1420 1787 1469 1853 ad
1587 1826 1589 1837 ·

338 1911 438 1959 unum
454 1901 596 1979 puteum,
613 1894 668 1960 uhi
684 1900 757 1960 sunt
773 1892 837 1959 dne
860 1897 946 1960 mete
971 1901 1093 1974 terrec;
1116 1893 1202 1961 vnde
1226 1893 1469 1979 progrediendo
1587 1893 1589 1908 ¹

337 2001 484 2069 ascendit
501 1999 722 2082 monticulum,
737 2007 771 2069 et
786 2000 926 2067 flectitur
943 1999 987 2066 ad
1002 2000 1166 2084 quandam
1181 2022 1333 2086 magnam
1358 2003 1466 2087 uiam,

336 2125 400 2192 que
416 2106 504 2176 ducit
519 2106 561 2174 ad
578 2107 782 2193 Copurnuch,
812 2108 868 2174 ubi
898 2115 973 2175 suut
1004 2108 1067 2176 dne
1095 2115 1182 2176 mete
1212 2117 1316 2196 terre;
1354 2119 1386 2178 et
1418 2111 1468 2178 ibi
1588 2109 1589 2138 ³

336 2216 453 2282 transit
469 2215 574 2302 ipsam
590 2233 745 2299 magnam
761 2216 848 2280 uiam
864 2213 972 2282 adhuc
988 2214 1031 2280 ad
1042 2215 1241 2286 occidentem
1251 2218 1296 2286 ad
1305 2239 1465 2304 magnum
1587 2255 1589 2322 3

336 2329 476 2390 montem
493 2343 564 2390 cum
581 2321 721 2392 diuersis
738 2322 841 2406 metis,
859 2331 891 2388 et
908 2323 1057 2406 peruenit
1073 2322 1117 2388 ad
1133 2334 1252 2392 metam
1263 2328 1470 2416 angularem,

336 2447 399 2512 que
415 2435 583 2516 separata
599 2437 688 2497 terra
712 2432 826 2497 Almas
857 2437 994 2514 uocata;
1018 2439 1051 2498 et
1082 2430 1159 2498 inde
1189 2433 1398 2517 progreditur
1428 2436 1470 2502 im

337 2536 479 2618 quadam
495 2537 551 2604 uia
566 2557 681 2606 uersus
696 2537 1006 2623 septemtrionalem,
1023 2538 1079 2605 ubi
1090 2549 1171 2607 ¹sunt
1180 2540 1243 2608 due
1251 2549 1336 2607 mete
1347 2551 1468 2627 temee,

337 2643 372 2710 in
397 2643 573 2712 immediate
590 2665 685 2729 quam
703 2647 835 2732 plures,
860 2644 946 2712 vnde
963 2645 1070 2713 eundo
1086 2665 1201 2714 uersus
1217 2648 1376 2717 orientem
1392 2668 1467 2733 per·

336 2750 426 2818 uenit
442 2751 559 2820 iterato
575 2753 619 2819 ad
636 2772 788 2836 magnam
804 2751 903 2836 uiam,
937 2772 999 2835 que
1016 2751 1104 2818 ducit
1119 2752 1237 2821 iterato
1268 2755 1312 2819 ad
1343 2754 1470 2841 Copor-

337 2860 432 2947 nuch,
450 2861 506 2926 uhi
524 2869 599 2929 sunt
614 2861 677 2927 due
693 2865 777 2927 mete
793 2868 919 2945 terree;
943 2867 976 2926 et
991 2859 1068 2928 inde
1083 2863 1231 2929 ascendit
1247 2860 1289 2930 ad
1305 2864 1468 2932 orientem

338 2987 410 3035 com
428 2967 563 3036 diuersis
580 2968 693 3050 metis,
710 2966 752 3032 de
767 2987 831 3050 qua
847 2966 1085 3052 progrediendo
1101 2968 1192 3036 uadit
1202 2968 1246 3035 ad
1256 2971 1468 3055 septemtrio-

340 3074 456 3160 nalem,
474 3077 529 3142 ubi
547 3073 760 3141 commetanci
775 3079 851 3141 sunt
867 3074 979 3160 populi
996 3073 1037 3140 de
1054 3077 1273 3158 magnavilla
1289 3078 1405 3165 Kolus,
1431 3085 1470 3144 et

338 3182 384 3248 ihi
399 3187 475 3248 sunt
489 3181 553 3248 dne
570 3187 655 3248 mete
671 3182 858 3266 angulares,
890 3189 922 3248 et
938 3180 1116 3249 immediate
1141 3202 1237 3268 quam
1268 3183 1397 3269 plures;
1423 3186 1468 3252 de

338 3309 403 3373 qua
420 3288 522 3357 tendit
538 3308 650 3358 uersus
665 3287 831 3374 orientem,
848 3287 902 3355 ubi
918 3297 994 3355 sunt
1010 3288 1074 3355 doe
1090 3297 1184 3376 mete,
1215 3310 1280 3357 una
1296 3293 1330 3356 in
1348 3293 1468 3360 arbore

337 3398 440 3485 ayrfa
456 3403 583 3479 uocata,
599 3401 631 3461 et
647 3394 750 3464 altera
767 3401 885 3480 terrea,
902 3394 956 3460 uhi
972 3393 1136 3462 uicinatnr
1151 3403 1237 3464 terre
1252 3395 1380 3466 Nicolai
1405 3398 1466 3483 filij
1581 3432 1588 3448 ·

337 3503 484 3584 Koroch;
501 3503 618 3570 abhinc
633 3501 804 3570 descendit
819 3501 935 3567 iterato
951 3501 995 3566 ad
1009 3520 1163 3584 magnam
1181 3505 1277 3589 viam,
1293 3523 1355 3587 qne
1366 3504 1468 3572 duce-

336 3609 394 3677 bat
409 3607 452 3674 ad
467 3607 589 3692 Copau,
607 3609 662 3673 nbi
679 3616 755 3674 sunt
770 3606 833 3671 due
850 3610 936 3674 mete
952 3614 1073 3692 terree;
1091 3615 1123 3674 et
1138 3607 1214 3674 inde
1225 3608 1329 3675 tendit
1339 3611 1468 3681 directe

313 3785 319 3793 ,
338 3714 381 3784 ad
395 3734 495 3781 unum
512 3733 635 3798 nemus,
652 3720 685 3782 ct
700 3713 747 3779 ihi
763 3720 934 3798 calmeta,
958 3715 1165 3782 undecunde
1183 3715 1332 3783 similiter
1347 3738 1468 3786 uersus

337 3825 492 3896 orientem
509 3823 657 3908 pemcnit
672 3819 716 3888 ad
734 3821 816 3888 duas
833 3829 950 3907 metas,
982 3842 1117 3904 quarum
1135 3843 1202 3890 una
1218 3832 1268 3891 est
1292 3826 1326 3891 in
1359 3828 1466 3906 silice,

336 3942 368 4001 ct
383 3933 488 4000 altera
503 3939 626 4015 terrea,
649 3937 681 3995 et
697 3928 817 3995 abhinc
832 3929 971 3996 flectitur
994 3929 1112 3997 iterato
1144 3931 1188 3996 ad
1220 3952 1340 4015 aquam
1373 3935 1471 4029 uara,

334 4042 389 4108 ubi
405 4038 606 4105 terminator.
639 4035 709 4102 Nos
726 4036 827 4120 igitur
843 4034 1057 4121 peticionibus
1072 4037 1285 4122 predictorum
1318 4039 1465 4108 liliorum

335 4147 432 4215 Wruu
453 4145 556 4228 Regia
571 4142 770 4210 liberalitate
796 4143 956 4228 inclinati,
987 4145 1146 4230 prelatum
1179 4146 1390 4230 priuilegium
1422 4149 1467 4216 de

333 4255 434 4324 uerbo
452 4252 494 4317 ad
510 4251 646 4318 uerbum
664 4251 762 4318 inseri
778 4249 936 4317 facientes
953 4249 1105 4317 duximus
1120 4252 1314 4320 auctoritate
1330 4275 1465 4338 presen-
1588 4285 1589 4290 ¹

334 4363 418 4428 cium
436 4358 702 4444 confirmandum,
736 4359 865 4426 eosdem
881 4358 964 4425 sicut
980 4357 1127 4443 superius
1144 4359 1354 4450 prediximus,
1388 4382 1464 4430 cnm
1588 4361 1589 4368 ’

333 4464 543 4554 filijsetsuis
561 4466 804 4533 successoribus
834 4465 994 4533 uniuersis
1025 4466 1057 4530 in
1090 4485 1256 4534 nnmerum
1286 4469 1464 4559 chalium
1588 4445 1589 4530 Ῠ

333 4573 549 4642 seruiencium
568 4575 809 4642 transferentes.
826 4575 864 4640 In
880 4573 972 4642 cuius
988 4572 1036 4639 rei
1053 4575 1240 4642 memoriam
1257 4584 1462 4660 perpetuam·
1587 4641 1589 4676 ᾗ
