3184 5186
341 1120 616 1207 Magycrorssdpi
638 1119 825 1186 kereslccddlt
847 1121 945 1185 ualere
969 1143 1008 1186 nz
1031 1121 1175 1207 Atrajna
1190 1121 1349 1189 niddlcein.
1365 1125 1476 1190 1259..

444 1313 617 1383 Oonradns
632 1313 696 1381 Dei
713 1313 823 1398 gracia
838 1311 958 1382 Ssncte
989 1315 1193 1382 boloniensis
1225 1316 1374 1384 Ecclesie
1404 1317 1470 1384 Ar·

335 1419 572 1509 chiepiscopns,
588 1421 680 1489 Sacri
710 1421 841 1507 Imperij
874 1443 933 1508 per
964 1422 1107 1491 Ytaliam
1139 1423 1467 1492 llrcbicsncellarius

332 1529 396 1596 stb.
421 1528 503 1594 Cum
519 1529 552 1596 in
568 1528 679 1596 littera
694 1527 822 1595 arbitrii
838 1527 996 1596 internos
1013 1536 1046 1597 et
1062 1529 1242 1599 Ecclesiam
1258 1539 1404 1599 nostram
1422 1551 1467 1598 ex

330 1655 399 1703 nna
414 1643 517 1722 parte,
534 1655 594 1704 nec
610 1655 673 1702 non
689 1633 801 1702 fideles
819 1643 949 1703 nostros
966 1634 1111 1725 ludices,
1136 1637 1294 1705 Scabinos
1324 1647 1357 1703 ot
1387 1637 1469 1703 uni·

329 1763 442 1812 versos
458 1742 548 1810 ciues
565 1741 776 1809 Colonienses
792 1759 834 1809 ex
850 1743 955 1810 altera
971 1762 1069 1828 super
1083 1743 1205 1811 nostris
1221 1741 1375 1810 hincinde
1384 1741 1464 1810 iuri·

331 1851 394 1918 bus
409 1870 467 1938 per
482 1850 685 1918 venerabiles
700 1851 788 1916 viros
805 1851 866 1917 stb.
883 1851 1005 1935 prolati
1021 1849 1139 1934 sigillis
1155 1850 1278 1919 nostris
1302 1847 1472 1916 hincinde·

329 1958 464 2044 signata
479 1959 683 2027 contineatur
695 1975 859 2043 expresse,
891 1956 975 2041 qnod
992 1957 1118 2025 foranei
1135 1968 1330 2026 mercatores
1361 1957 1463 2023 Golo-

330 2066 419 2134 niam
435 2067 613 2155 venientes,
630 2071 686 2132 aut
702 2065 809 2150 ipsam
825 2063 988 2131 mercandi
1006 2066 1116 2132 animo
1130 2066 1374 2149 frequentantes
1389 2080 1461 2128 non

327 2181 404 2242 sunt
419 2172 629 2260 permittendi
645 2172 784 2239 transire
799 2171 955 2239 terminos
971 2173 1152 2256 antiquitus
1168 2175 1369 2256 constitutos,
1394 2167 1459 2236 sed

325 2280 387 2347 hoc
403 2280 577 2348 secundum
593 2276 858 2348 consuetudinem
875 2281 1044 2363 antiquam
1059 2285 1123 2347 tam
1141 2301 1183 2347 ex
1213 2287 1307 2365 parte
1337 2285 1457 2348 nostra

325 2408 423 2472 qnam
441 2388 557 2455 civium
574 2387 796 2457 Coloniensem
814 2387 1045 2455 inviolabiliter
1060 2389 1228 2457 obseruari
1244 2389 1364 2458 debere
1388 2389 1456 2455 stba

327 2495 396 2564 Nos
411 2494 456 2562 ad
470 2494 711 2579 requisitionem
728 2503 760 2562 et
775 2495 966 2562 instantiam
982 2495 1199 2581 predictorum
1215 2496 1360 2564 fidelium
1392 2516 1456 2562 no-

325 2614 465 2674 strorum
490 2605 607 2672 cisium
640 2601 879 2670 Coloniensinm
911 2602 1063 2688 diligenti
1094 2603 1349 2688 investigatione
1378 2626 1455 2690 prc-

325 2716 436 2800 missa,
452 2718 549 2800 prout
564 2733 585 2780 a
599 2709 782 2779 senioribus
799 2715 831 2776 et
847 2709 1062 2794 prudentibus
1093 2730 1133 2777 uc
1164 2709 1338 2796 fidedignis
1369 2712 1452 2778 viris

320 2843 432 2891 sumus
447 2840 506 2907 per
521 2818 763 2904 inquisitionem
779 2816 897 2904 edocti,
915 2825 1108 2886 memoratos
1117 2819 1268 2902 antiquos
1279 2819 1449 2903 terminos,

318 2953 385 3000 una
402 2951 473 2999 cum
492 2927 686 3014 quibusdam
718 2925 792 2992 aliis
824 2925 969 2992 articulis
1000 2923 1043 2993 ad
1074 2923 1237 3011 publicam
1268 2926 1454 2995 utilitatem

317 3039 551 3127 spectantibus,
568 3038 601 3102 in
618 3035 833 3121 subscriptum
851 3034 980 3100 modum
999 3033 1149 3102 duximus
1159 3033 1446 3122 exprimerendos:

314 3147 410 3226 Quod
441 3143 767 3236 videlicetnnllus
806 3146 1099 3208 mercatorum
1138 3139 1188 3208 dc
1227 3143 1445 3231 Ungaria,

315 3255 458 3338 Boomia‚
477 3250 623 3338 Polcnia,
639 3249 801 3336 Bawaria,
818 3247 950 3332 Sueuia,
966 3247 1120 3334 Saxonis,
1137 3248 1331 3336 Thuringia,
1356 3251 1444 3320 Has-

312 3363 371 3444 sis,
390 3368 422 3428 et
437 3359 684 3444 quibuscunque
699 3355 774 3423 aliis
792 3355 1006 3424 orientalibus
1022 3356 1178 3443 partibus,
1196 3377 1268 3423 cnm
1279 3359 1446 3427 mercibus

313 3467 512 3552 quibuslibet
527 3465 571 3532 ad
587 3466 711 3532 Renum
729 3465 873 3550 veniens,
905 3470 999 3531 extra
1028 3468 1125 3548 atquc
1155 3463 1241 3532 ultra
1271 3463 1442 3534 ciuitatem

312 3573 551 3658 coloniensem,
568 3575 705 3657 excepta
736 3571 807 3638 sola
836 3591 936 3638 causa
966 3559 1240 3655 peregrinationis
1270 3574 1440 3658 procedat

311 3680 427 3764 Neque
443 3678 540 3746 etiam
557 3679 645 3745 ullus
659 3677 850 3765 Flamingus
865 3678 918 3744 vel
934 3677 1164 3760 Brabantinus,
1196 3681 1354 3748 actalius
1369 3685 1441 3768 qui·

308 3808 434 3872 cunque
452 3787 492 3854 de
508 3791 595 3852 uttra
610 3785 734 3852 Mosam
750 3785 804 3850 vel
819 3783 956 3850 aliarum
972 3783 1115 3870 partium
1126 3783 1313 3852 inferiorum
1323 3809 1439 3858 secun·

306 3896 385 3964 dum
401 3892 674 3975 consuetudinem,
701 3891 869 3977 antiquam
886 3899 918 3959 et
935 3890 976 3959 ds
1000 3892 1072 3958 iure
1103 3894 1300 3962 seruandam
1333 3917 1439 3968 causa

304 4005 473 4074 mercandi
490 4004 627 4072 ulterius
644 4023 741 4087 quam
756 4002 791 4070 in
807 3999 986 4087 Coloniam,
1018 4006 1050 4066 et
1080 4021 1147 4068 non
1178 4008 1267 4070 trans
1299 4007 1444 4096 lienum

302 4133 410 4198 neque
425 4133 538 4180 versus
554 4115 664 4199 partes
681 4111 866 4197 superiores
882 4108 969 4175 ultra
986 4108 1097 4175 villam
1112 4109 1243 4176 nomine
1257 4110 1438 4184 Rodinlir-

301 4222 387 4289 chen
401 4219 564 4306 procedet.
587 4221 630 4286 st
646 4217 794 4285 similiter
809 4217 917 4284 nullus
943 4220 1155 4282 mercatorum
1186 4216 1227 4283 de
1258 4221 1435 4305 superiori-

301 4330 365 4397 bus
407 4327 554 4415 partibus
594 4331 689 4395 extra
729 4324 881 4393 Diccesin
913 4321 1139 4390 coloniensem
1170 4324 1313 4393 existens
1345 4329 1435 4399 ultra

299 4435 491 4505 inferiorem
529 4433 642 4502 turrim
681 4433 825 4502 ciuitatis
866 4429 1077 4516 coloniensis,
1108 4432 1162 4500 vel
1192 4432 1312 4501 saltem
1343 4437 1435 4506 ultra

297 4543 412 4611 villam
430 4543 561 4611 nomine
577 4543 661 4629 Ryle
686 4561 787 4609 causa
819 4537 983 4608 mercandi
1014 4536 1241 4605 descendendo
1271 4543 1439 4623 procedat.
