3228 5198
660 1051 690 1116 h.

12 1233 35 1336 ἷ,
116 1249 221 1315 Aeaeo
236 1270 276 1312 oz
291 1249 431 1333 apostoli
446 1248 517 1313 sset
532 1249 640 1338 dedaste
657 1248 892 1335 alapttadnystl
908 1248 1243 1337 adomdnyoaottha'zo·
1279 1233 1281 1237 ⁸

12 1339 15 1392 s
117 1375 192 1442 syon
216 1355 371 1440 helyodori
394 1357 553 1440 tarqyaad
583 1354 697 1434 a'tddete,
723 1379 746 1420 a
777 1353 872 1422 Sunt
902 1351 1097 1445 Chrysoqon
1120 1357 1244 1442 jado-ai

451 1470 613 1528 monaster·
628 1465 785 1528 szdmdra.
802 1463 903 1527 1059.

219 1657 258 1720 In
273 1654 415 1721 Nomine
431 1654 493 1720 Dei
509 1655 629 1721 Eterni.
662 1654 791 1722 Futuro
816 1655 1056 1724 reeordationis
1087 1658 1243 1725 memorie

12 1813 14 1834 r
115 1762 231 1828 litteris
247 1761 414 1828 notiheare
429 1761 623 1845 satagimus,
639 1767 676 1827 nt
691 1762 832 1846 posteris
848 1769 974 1849 pateat,
1010 1763 1098 1847 qnod
1114 1763 1144 1832 si
1168 1765 1244 1848 qnia

116 1869 297 1936 averitatis
311 1870 445 1936 tramite
462 1869 649 1936 exorbitare
674 1869 825 1956 volnerit,
855 1868 930 1953 ipsa
960 1867 1074 1937 littera
1105 1871 1242 1939 eundem

115 1983 245 2058 arguat.
269 1977 387 2042 Notum
404 1975 449 2042 sit
464 1976 624 2062 omnibns,
643 1974 731 2059 qnod
756 1975 873 2042 Petrus
899 1975 1101 2044 venerabilis
1130 1976 1245 2045 Abbas

12 2143 14 2168 ,
114 2081 304 2149 Monasterii
321 2083 435 2149 Sancti
453 2081 668 2170 Chrysogoni,
686 2090 801 2149 astans
818 2089 897 2148 ante
913 2087 1124 2167 eonspeotnm
1145 2079 1242 2150 domi-

115 2186 147 2253 ni
161 2189 324 2256 Aennonis
338 2189 534 2275 Apostolieo
549 2187 644 2257 Sedis
659 2187 873 2275 Apoerisarii‚
890 2187 982 2256 missi
998 2208 1019 2255 a
1037 2187 1169 2257 domino
1184 2192 1252 2276 Ni:

114 2293 205 2361 oolao
222 2297 371 2360 Romano
386 2296 554 2381 Pontihoe‚
567 2301 764 2379 eonqnestns
780 2301 831 2362 est
847 2291 889 2360 de
916 2293 1061 2377 quadam
1092 2297 1178 2364 oolla
1208 2298 1243 2364 in

115 2402 266 2470 honorem
285 2401 396 2469 Sanoti
412 2401 553 2470 Joannis
568 2401 748 2488 fundatam,
766 2421 805 2470 ao
821 2401 932 2486 posita
963 2401 998 2467 in
1029 2403 1148 2488 insula,
1180 2424 1244 2488 qne

104 2507 229 2576 'dieitur
247 2509 390 2597 Silngns,
407 2531 504 2595 qnam
521 2511 689 2594 Eprobina
704 2509 822 2577 obtulit
838 2510 986 2577 healesie
1002 2510 1114 2578 Sanoti
1143 2512 1242 2597 Chry·

114 2617 236 2702 sogoni.
261 2615 357 2682 Nune
372 2623 482 2683 antem
499 2615 667 2733 infligente
683 2615 815 2682 diabolo
840 2615 909 2681 vnit
946 2633 1018 2682 eam
1050 2616 1245 2686 subtrahere
1279 2677 1287 2694 ,

113 2722 259 2790 Genohio
276 2723 392 2790 Sanoti
408 2722 625 2808 Chrysogoni,
643 2721 686 2788 ad
703 2719 790 2804 qnod
807 2723 897 2805 prins
913 2721 1033 2788 devota
1048 2730 1157 2790 mente
1182 2743 1244 2791 sna

114 2837 227 2914 sponte
248 2831 442 2897 nontnlerat.
467 2830 560 2895 Tune
576 2827 805 2913 Apoerisarins
820 2828 967 2894 Romane
983 2827 1079 2895 Sedis
1107 2829 1242 2897 interro·

114 2935 202 3018 gavit
217 2935 357 3001 elerieos
374 2941 407 3001 et
422 2937 524 3002 honos
539 2934 656 3021 laieos,
671 2933 699 3000 si
716 2953 769 3001 res
786 2935 834 3000 ita
849 2953 885 3000 se
911 2932 1056 3019 haberet,
1090 2934 1242 3018 quomad-

113 3041 242 3108 modnm
259 3042 374 3110 Abbas
398 3043 560 3110 retulerat.
600 3038 715 3117 Onnoti
747 3049 866 3127 antem,
899 3041 956 3123 qni
986 3040 1134 3126 aderant,
1165 3063 1243 3110 vera

114 3152 296 3216 assertione
311 3148 494 3236 perhibent,
509 3149 671 3215 Abbatem
689 3169 800 3215 verum
824 3147 964 3231 nexisse,
996 3153 1031 3214 et
1062 3149 1242 3216 seeundum
1267 3201 1272 3208 .

113 3253 321 3322 donationem
339 3253 484 3323 Gorhine
498 3255 639 3323 Sanetus
654 3253 907 3341 Ghrysognonns
922 3256 1100 3349 omninum
1115 3256 1243 3323 institia

71 3435 78 3449 ,
112 3361 208 3429 debet
224 3363 394 3430 hahereet
408 3364 442 3429 in
468 3371 661 3449 perpetuum
686 3362 816 3430 habere.
856 3362 952 3430 Unde
983 3365 1060 3446 qnia
1092 3363 1244 3432 dominns

111 3470 342 3554 Apoorisarins
357 3491 416 3558 per
432 3471 598 3540 ministros
615 3469 688 3554 Dei,
705 3469 833 3538 soilioet
848 3468 1047 3556 sanerdotes,
1081 3475 1115 3538 et
1147 3471 1243 3540 eteri-

112 3595 175 3662 eos,
196 3585 230 3644 et
246 3578 411 3646 veridioos
427 3578 541 3664 laioos,
557 3578 713 3662 eognovit
737 3578 800 3645 hoo
832 3575 904 3644 iore
936 3595 1066 3662 vernm;
1091 3580 1240 3664 protinas

110 3703 169 3768 per
184 3686 328 3771 virgam,
345 3706 442 3771 qnam
459 3685 494 3752 in
510 3705 611 3753 manu
625 3705 686 3752 sna
702 3684 846 3765 tenebat,
876 3685 1046 3753 investivit
1077 3688 1240 3772 prefatum

111 3793 274 3859 hhhatem
291 3791 333 3859 de
348 3793 422 3879 ipsa
437 3793 597 3878 Eoolesia,
613 3791 711 3859 aede
727 3791 875 3860 omnihus
890 3793 934 3858 ad
964 3812 1038 3859 eam
1074 3793 1242 3879 pertinen·

110 3897 219 3986 tihns3
243 3898 303 3966 tali
321 3919 397 3968 vero
412 3900 518 3988 modo,
535 3900 624 3986 qnod
640 3899 728 3967 absit
743 3906 776 3964 et
791 3899 940 3968 advertat
964 3903 1068 3985 Dens,
1092 3901 1180 3985 qnod
1210 3901 1239 3967 si

110 4007 184 4089 onis
200 4027 245 4076 ex
261 4007 389 4093 prefato
404 4008 602 4075 Monasterio
617 4007 801 4076 Eeolesiam
817 4007 909 4074 ittam
924 4005 1118 4074 abstrahere
1149 4005 1243 4074 voln-

22 4100 26 4109 ’
109 4116 178 4203 erit,
196 4109 460 4180 matedintionem
476 4115 538 4181 Dei
555 4120 589 4180 et
604 4112 715 4181 Sanoti
730 4111 819 4180 Petri
835 4112 1063 4200 Apostolorum
1079 4111 1240 4195 Priaeipis

95 4287 97 4290 .
110 4225 142 4288 et
165 4227 318 4288 nostram
335 4219 465 4307 habeat,
483 4227 517 4286 et
532 4239 606 4287 enm
621 4218 709 4287 Jnda
721 4217 882 4286 traditore
898 4217 1029 4286 Domini
1043 4219 1145 4286 nostri
1160 4217 1242 4286 Jesn

27 4338 32 4347 ·
109 4325 234 4394 Christi
250 4326 433 4416 damnetur,
450 4335 484 4395 et
498 4347 571 4396 onm
587 4325 718 4396 diabolo
740 4331 775 4394 et
789 4327 887 4396 soniis
914 4327 985 4395 snis
1010 4332 1241 4393 eonoremetnr.

219 4435 294 4502 Hoe
309 4442 418 4502 aetnm
434 4441 485 4503 est
500 4434 534 4502 in
550 4435 717 4520 presentie
743 4434 909 4504 morendi
938 4431 1134 4502 absarensis
1165 4433 1240 4519 tipi-

108 4544 211 4631 seopi,
229 4541 449 4630 assassinis
465 4549 498 4612 ot
512 4565 534 4612 a
550 4552 667 4614 onnoto
683 4544 829 4614 coneilio
844 4540 1093 4626 Arohiepiseopi
1124 4539 1238 4628 Eleon,

107 4659 140 4718 et
154 4651 291 4721 Andree
306 4653 470 4738 qnondam
486 4653 649 4742 Episoopi,
672 4671 712 4722 ao
741 4652 916 4722 mnitornm
946 4649 1104 4718 honorum
1136 4646 1237 4716 homi·
1482 4667 1572 4702 ω-

216 4785 323 4828 nom
339 4787 422 4828 sora.
439 4786 509 4830 sarr.
525 4796 570 4812 -
584 4787 656 4828 nrrr..
674 4763 718 4827 π’.
1109 4758 1130 4821 2
