3184 5186
816 265 977 366 [ις-

316 453 504 526 millesimo
531 455 751 528 ducentesimo
783 460 999 548 sexagesimo,
1032 462 1132 530 tercio
1162 483 1267 533 nonas
1300 463 1463 552 Octobris,

329 560 437 649 Regni
455 569 560 633 sutem
577 565 681 634 nostri
697 585 784 636 auno
800 568 959 654 vigesimo
975 575 1103 656 quarto.

316 759 458 822 ¹<leto-ki
489 762 655 826 ttiratatbdl,
688 779 705 816 a
735 763 820 818 budai
850 763 905 817 ktr.
936 765 1065 820 kamarat
1096 766 1274 822 lerdlttrnak
1292 769 1463 835 Ztgrrtbban

775 853 839 907 ldrd
857 855 1009 920 resaeben.)

764 1137 1030 1152 Q

861 1690 936 1759 334.

332 1889 356 1953 I
360 1887 396 1956 V.
420 1887 505 1957 Bora
536 1889 716 1976 birdlyoadc
746 1888 852 1956 Krala
880 1889 1029 1976 helysdpet
1060 1892 1215 1976 corpyaao
1239 1889 1427 1978 adonaisan
1443 1916 1466 1956 a
1579 1863 1581 1926 !

329 1997 478 2086 oopuslccs'
493 2002 636 2084 opdtsdp
651 2002 809 2082 azdmdm,
832 1999 916 2084 mcly
933 1997 1166 2085 cancbfey'dbea
1182 1997 1370 2064 ssa-Luam
1394 2003 1460 2066 azi-

560 2105 691 2190 petdnck
706 2105 880 2170 vodelmc'rc
895 2105 1101 2173 botetcztctea.
1133 2106 1227 2172 1260.

419 2299 498 2366 Bela
514 2298 575 2364 Dei
585 2299 701 2382 gracia
714 2297 882 2382 Hungnrie
897 2300 966 2367 Rex
982 2299 1130 2365 omnibus
1144 2305 1311 2384 presentes
1328 2301 1460 2367 litteras
1580 2373 1581 2376 ,

230 2405 235 2412 ’
328 2405 525 2491 inspecturis
557 2407 694 2473 salutem
727 2406 760 2471 in
782 2427 858 2475 vero
891 2407 1042 2474 salutari.
1074 2407 1116 2472 Et
1147 2407 1174 2473 si
1205 2407 1462 2493 Magnificencia

329 2513 435 2598 Regia
466 2510 509 2579 ad
524 2531 635 2579 omncs
651 2511 799 2580 subditos
817 2511 948 2581 extendi
973 2512 1101 2596 debeat,
1117 2515 1269 2600 precipue
1283 2520 1393 2581 tamen
1410 2513 1464 2579 vi·
1580 2519 1581 2524 ’

328 2619 374 2688 ris
390 2622 459 2689 Dco
476 2619 711 2688 famulantibus
728 2620 799 2687 eius
815 2639 879 2687 uon
895 2619 991 2687 debet
1007 2640 1079 2688 esse
1095 2623 1208 2706 gracia
1232 2619 1350 2702 aliena,
1383 2641 1459 2688 cum
1580 2633 1581 2638 ’

329 2749 394 2796 nou
424 2729 527 2796 solum
563 2748 665 2815 arma,
697 2728 755 2793 sed
772 2734 804 2794 et
820 2747 933 2812 preces
950 2727 1005 2814 pic
1018 2728 1201 2795 iuvencium
1218 2735 1371 2796 tueantur
1386 2748 1461 2812 reg-

328 2858 405 2903 num
422 2841 455 2902 ct
471 2835 594 2922 regium
610 2834 783 2921 dyadema.
801 2835 944 2904 Proinde
969 2835 1013 2903 ad
1044 2839 1270 2904 universorum
1302 2835 1460 2901 noticiam

327 2951 439 3012 tenore
476 2945 680 3030 presencium
718 2945 866 3010 volumus
905 2944 1099 3028 prevenire:
1127 2943 1312 3028 quodcum
1344 2943 1460 3010 Abbas

327 3060 360 3118 et
391 3051 675 3119 fratres-Ordinis
702 3051 937 3138 cysterciensis
969 3052 1011 3119 de
1042 3053 1191 3139 implica,
1224 3052 1461 3136 Zagrabiensis

326 3157 496 3245 Dyocesis,
512 3159 544 3224 in
576 3159 685 3226 insula
711 3159 823 3224 Sancti
843 3157 1002 3247 Ladizlai,
1019 3179 1082 3244 quc
1098 3159 1187 3245 prius
1204 3160 1356 3245 Wyhugb
1372 3181 1453 3226 nun-

325 3268 516 3352 cupabatur,
549 3266 659 3333 turrim
676 3272 709 3333 et
726 3266 838 3334 domos
862 3288 922 3352 pro
954 3266 1142 3333 defensione
1173 3288 1233 3334 sua
1251 3272 1283 3333 ct
1298 3265 1459 3352 obsequio

324 3373 437 3462 Regio,
453 3373 497 3441 dc
512 3381 622 3441 nostro
638 3393 809 3460 consensu,
825 3380 1012 3442 construere
1029 3373 1201 3459 cepissent,
1218 3379 1253 3439 ut
1270 3374 1304 3439 in
1321 3373 1460 3440 easdem

327 3500 361 3547 sc
378 3478 585 3547 adversitatis
617 3486 762 3566 tempore
793 3479 926 3547 valeant
958 3487 1135 3565 receptare,
1165 3485 1197 3545 et
1212 3485 1297 3546 terre
1312 3478 1459 3565 ipsorum

327 3588 468 3654 Abbatis
486 3591 518 3652 et
533 3589 672 3653 fratrum
688 3585 730 3654 de
748 3586 865 3670 quibus
882 3585 1026 3673 predicte
1051 3584 1146 3652 turris
1165 3592 1199 3652 et
1214 3585 1330 3653 domus
1346 3599 1461 3674 posset

324 3693 442 3761 muniri
473 3694 677 3780 victualibus,
709 3691 884 3760 admodum
917 3693 984 3760 sint
1013 3702 1143 3761 remote.
1176 3693 1332 3762 Volentcs
1354 3716 1460 3782 prope

323 3807 463 3869 castrum
483 3802 662 3887 predictum
678 3801 712 3867 in
728 3801 840 3886 aliqua
856 3808 944 3869 terra
960 3800 1044 3887 utili,
1064 3802 1098 3869 in
1115 3802 1259 3885 quesibi
1276 3807 1453 3888 grangiam

320 3911 445 3980 faciant
455 3913 636 3998 providere,
652 3919 771 3978 terram
788 3910 941 3978 Bridislai
957 3917 990 3977 et
1004 3911 1183 3999 Ludugari,
1199 3912 1332 3978 nomine
1347 3912 1457 3997 Orela,
1579 3951 1581 4004 f

321 4041 393 4088 oum
426 4021 573 4089 omnibus
604 4019 813 4105 pertinenciis
845 4018 925 4106 suis,
943 4018 1032 4086 silvis
1050 4018 1215 4106 videlicet,
1231 4018 1341 4086 insula
1356 4028 1389 4086 et
1406 4020 1457 4106 pi·
1579 4019 1581 4070 l

319 4127 532 4200 scacionibus
543 4125 738 4194 contulimus
751 4124 908 4212 predictis
933 4125 1057 4194 Abbati
1076 4133 1108 4193 et
1125 4125 1282 4193 fratribus
1300 4147 1360 4211 pro
1377 4147 1453 4194 con-
1579 4109 1581 4196 Ξ

319 4236 511 4304 serracione
528 4235 614 4301 dicte
630 4234 728 4301 turris
745 4238 777 4298 et
793 4231 960 4301 domorum
993 4247 1125 4300 suarum
1159 4241 1314 4320 perpetuo
1345 4237 1454 4319 possi-
1579 4315 1581 4330 ff

322 4343 474 4432 dandam,
506 4342 565 4410 sub
596 4341 720 4409 eisdem
739 4342 832 4408 metis
849 4347 881 4406 et
897 4342 1055 4428 terminis,
1072 4341 1188 4426 quibus
1205 4338 1309 4408 dictus
1327 4341 1452 4408 Pridin-

317 4451 390 4519 laus
408 4457 441 4518 ct
457 4449 650 4532 Ludigunus
666 4446 1032 4516 candcm‘dinoscuntur
1046 4448 1240 4535 possedisse.
1274 4447 1317 4513 Ut
1349 4449 1452 4534 igitur

317 4558 376 4624 hcc
392 4565 505 4625 nostra
521 4555 661 4625 donacio
676 4557 775 4623 robur
791 4562 949 4641 perpetue
965 4557 1110 4623 obtineat
1136 4554 1296 4624 firmitatis
1317 4575 1451 4640 pressu·
1579 4593 1581 4616 .
