3228 5198
621 239 789 394 Α

130 482 356 572 supradictum
405 485 666 557 collaudantibus
712 507 752 554 ac
798 489 933 556 firmiter
972 489 1265 578 corroborantibus,

131 591 328 660 auctoritate
343 593 534 679 Apostolica
550 593 835 676 intercedentibus,
861 615 902 662 ue
918 617 1070 682 umquam
1087 598 1129 665 ab
1153 600 1265 684 aliquo

32 770 41 791 ,
129 707 342 784 presumatur
357 701 483 768 violari.
498 699 592 779 Quod
607 703 635 768 si
651 703 733 774 torte
749 703 869 789 aliquis
885 708 1057 774 temerario
1073 715 1193 772 conatu
1209 705 1265 773 ab·

132 809 318 894 negaverit,
333 809 415 874 iram
432 807 580 893 Supeme
590 809 773 878 Maiestatis
790 811 943 899 incurrat,
972 811 1177 897 omniumque
1193 831 1266 880 sau·

131 919 243 980 torum
266 914 526 984 maledictionem
559 916 736 1003 possideat.
752 917 794 983 Et
810 917 871 985 bec
886 919 1017 987 donetis
1031 927 1104 987 acto
1119 922 1266 988 sancita-

132 1040 201 1104 que
217 1020 278 1088 tuit
293 1041 381 1088 auno
396 1022 439 1088 ab
448 1022 679 1091 incarnatione
695 1023 828 1092 Domini
843 1027 952 1094 Nostri
967 1026 1047 1094 Jesu
1057 1024 1179 1094 Christi
1194 1027 1266 1094 mil·

134 1127 252 1196 lesimo
268 1131 514 1213 septuagesimo
529 1138 633 1216 sexto,
644 1131 822 1200 indictione
837 1153 913 1202 vero
929 1134 1056 1201 decima
1073 1133 1195 1219 quinta.
1219 1134 1260 1201 Et

133 1235 199 1301 boc
213 1240 421 1323 apostolaute
438 1239 595 1323 Gregorio
611 1239 757 1324 Septimo
772 1239 882 1326 Papa,
901 1241 990 1327 apud
1006 1241 1130 1309 Grecos
1144 1240 1264 1310 llicba·

135 1344 187 1412 ele
203 1344 407 1432 imperante,
440 1347 530 1431 apud
546 1346 680 1414 Salaros
711 1347 886 1416 Svinimiro
911 1358 1091 1434 regnanto,
1122 1349 1218 1417 Petro
1233 1349 1268 1414 in

36 1453 41 1463 '
133 1453 333 1523 blonasterio
364 1454 574 1540 abbatiante;
606 1454 776 1523 Dominico
791 1455 886 1524 Justo
915 1457 1068 1542 Belgradi
1091 1457 1268 1543 prioranle.

366 1653 494 1716 lsarlati
514 1653 662 1716 Illyricum
681 1655 797 1706 Sacrum
816 1654 864 1706 1v.
884 1656 943 1705 ket.
964 1659 987 1704 5.
1007 1655 1037 1718 l.)

691 2469 723 2532 9.

138 2667 328 2752 Zuojm’mc'r
345 2666 518 2730 Delusalio
535 2669 567 2732 e'e
583 2665 823 2750 Horvo'loruzcip
839 2666 1037 2750 kirolyunat
1052 2667 1235 2753 odomdnya
1251 2691 1272 2731 o

428 2772 572 2859 epulatoc'
589 2775 708 2858 eppheta
723 2779 882 2838 sacimdra.
900 2773 996 2841 1078.

255 2969 293 3033 Iu
309 2965 371 3032 Dei
386 2967 515 3033 nomine
530 2965 644 3032 Amen.
669 2965 739 3033 Hoc
755 2977 804 3032 est
819 2969 1004 3052 exemplum
1016 2968 1183 3036 cuiusdam
1209 2968 1273 3053 pri·

140 3075 262 3161 uilegij
289 3072 425 3158 Regalis
451 3072 567 3139 muniti
598 3075 799 3158 appensione
831 3073 1000 3141 cuiusdam
1031 3073 1132 3158 sigilli
1162 3074 1274 3160 magni

138 3181 275 3250 rotundi
290 3200 364 3250 curn
383 3178 518 3249 cordula
534 3181 633 3248 sirica
650 3181 754 3248 crocei
772 3185 803 3246 et
819 3181 911 3248 rubei
928 3179 1053 3264 coloris,
1069 3183 1102 3246 in
1119 3200 1184 3265 quo
1205 3181 1275 3265 qui-

140 3292 220 3357 dem
236 3289 350 3375 sigillo
366 3288 495 3373 sculpta
511 3293 563 3354 est
578 3284 717 3372 quedam
732 3287 865 3371 Regalis
880 3285 988 3372 imago
998 3287 1118 3357 sedens
1127 3287 1161 3355 in
1171 3295 1274 3376 trono,

140 3399 273 3466 babens
289 3395 324 3462 in
341 3413 439 3462 manu
454 3395 569 3462 dextra
585 3393 760 3479 quemdam
776 3393 882 3461 lilium
898 3395 1272 3482 baculosuperpositum,

141 3513 177 3572 et
192 3505 231 3572 in
245 3521 350 3571 mauu
366 3500 498 3570 sinislra
514 3501 677 3586 quandam
694 3499 867 3569 sculturam
885 3499 1066 3589 rotundam,
1086 3513 1118 3568 et
1142 3501 1273 3570 circum·

36 3696 41 3705 Ι
141 3613 239 3679 circa
254 3608 384 3696 sculpte
401 3613 495 3675 erant
508 3606 615 3676 littere
631 3625 724 3674 cruce
741 3609 902 3692 premissa
928 3608 976 3674 sic
1006 3606 1152 3678 diceutes
1184 3607 1274 3675 REX

139 3715 397 3786 SVINIMIRVS
412 3715 602 3783 DALMAT.
618 3714 905 3797 cbonuoltvtt3
928 3713 1160 3800 uniusquidem
1179 3714 1275 3802 priui-

142 3825 226 3912 legij
245 3831 340 3892 tenor
357 3843 415 3911 per
431 3825 541 3890 omnia
556 3821 634 3890 talis
650 3830 718 3890 est:

255 3931 295 3998 In
312 3930 443 3998 nomine
459 3929 579 3997 Sancte
595 3935 627 3995 ct
641 3926 812 3998 Indiuidua
828 3927 1013 3996 Trinitatis.
1037 3929 1131 3995 Auno
1149 3928 1275 3996 scilicet

37 4112 41 4121 ,
142 4045 187 4111 ab
203 4037 442 4108 Incaruacione
459 4037 591 4106 Domini
607 4035 863 4106 M⁰LXX⁰VIII⁰
878 4035 931 4104 die
946 4035 1035 4106 XVI.
1052 4037 1172 4105 mensis
1184 4033 1276 4120 Apri·

139 4151 187 4216 lis
204 4145 401 4236 indic(tione
416 4143 548 4234 pri)ma.
581 4146 652 4230 Ego
677 4143 838 4229 siquidem
871 4143 1027 4212 Suiuimir
1058 4142 1274 4210 chroatorum

142 4265 250 4340 atque
264 4253 524 4324 Dalmatinorum
539 4253 618 4337 Rex,
633 4252 768 4340 cupiens
783 4250 1010 4320 ardentissime
1025 4251 1096 4317 iura
1126 4255 1159 4316 et
1190 4251 1277 4316 bona

105 4441 109 4448 .
144 4361 299 4432 Ecclesic
313 4360 520 4446 glorisissimi
536 4358 678 4428 martiris
693 4357 817 4427 domini
834 4358 1000 4444 Anastasij
1027 4373 1217 4444 recuperare
1243 4363 1277 4421 et

143 4466 310 4554 ampliare
325 4487 386 4554 pro
401 4485 499 4555 posse
515 4466 556 4532 ob
573 4468 719 4553 ipsorum
735 4465 905 4533 martirum
931 4465 1165 4547 reuerenoiam,
1199 4482 1278 4546 quo·

143 4597 219 4644 rum
237 4575 388 4661 precibus
404 4575 527 4642 meritis
544 4594 638 4658 spero
655 4579 730 4642 ante
746 4573 849 4642 eterni
863 4571 986 4662 judicis
998 4591 1134 4638 examen
1145 4585 1279 4638 munere
