3116 5178
824 387 859 402 ,,
896 298 1003 396 3⁶3.-

365 487 503 558 testibus
535 491 658 576 rogatis
689 491 853 559 nobilibus
883 491 961 560 viris
994 491 1132 560 dominis
1159 492 1298 560 Nicolao
1314 495 1471 563 Donalw

360 595 472 664 blareo
504 595 663 665 Ceruario
696 597 963 666 Procuratoribus
978 597 1092 666 Sancti
1114 597 1226 684 blarci,
1240 597 1389 687 Philippo
1403 601 1470 668 llor-
1542 593 1545 692 ξ

360 713 482 794 ιιιιιο,
492 704 642 773 iohanne
657 703 854 789 Gradenico,
869 705 1002 774 Audrca
1018 704 1157 791 Deltioo,
1179 707 1330 776 Jobcnme
1343 706 1470 794 'l'eupolo
1541 749 1545 846 Ι

355 821 390 880 et
405 811 482 879 aliis
500 812 620 880 multis.
645 813 714 882 ileo
730 819 781 881 est
795 813 969 882 eoncordia
984 813 1071 881 inita
1085 813 1171 882 inter
1194 813 1359 882 dominum
1387 815 1470 884 laco·
1543 847 1545 858 =

359 921 434 986 bom
465 920 658 1008 Teupolum,
689 919 752 988 Dei
777 921 885 1004 gretia
901 921 1049 988 inclitum
1065 919 1188 988 Doccm
1206 921 1414 989 Veneeiarum
1435 940 1468 988 cr

356 1045 422 1092 nna
452 1033 556 1112 parte,
582 1047 641 1096 suo
674 1028 805 1094 nomine
837 1036 871 1094 ιι
888 1027 1043 1096 comunis
1059 1027 1285 1116 Veneciarum,
1302 1035 1337 1096 et
1352 1027 1468 1096 trabem
1541 1101 1545 1124 Ι

355 1135 517 1204 Jseobum
533 1135 575 1202 de
588 1133 778 1204 Turrisellis
794 1155 835 1202 ex
855 1136 972 1221 altera,
991 1137 1145 1204 nuncium
1165 1136 1361 1204 venerabilis
1375 1137 1471 1204 fratris
1538 1125 1545 1246 l

355 1242 480 1312 domini
509 1241 678 1310 Goilielmi
702 1242 744 1309 de
774 1240 883 1328 Sensi,
899 1240 1048 1328 Magistri
1063 1243 1187 1310 Domus
1203 1241 1327 1312 blilicie
1341 1243 1466 1330 Templi,

353 1350 398 1417 ad
413 1353 498 1420 bane
528 1349 735 1418 concordiam
766 1349 950 1418 faciendam
968 1348 1191 1417 transmissum
1216 1355 1316 1434 atque
1332 1351 1469 1418 consuto

353 1469 433 1546 tnm,
465 1463 501 1526 ιι
531 1462 715 1548 apparebat
729 1480 787 1548 per
802 1461 929 1528 litteras
944 1459 1111 1545 sigillatas
1138 1459 1216 1528 dicti
1232 1460 1393 1546 Magistri,
1406 1479 1467 1546 pre·

352 1568 501 1636 sentibus
517 1573 549 1635 ιι
564 1567 848 1636 consentientibus
864 1567 964 1635 iratre
979 1567 1167 1634 Hermanno
1183 1565 1224 1635 dc
1238 1567 1359 1655 Burgo,
1375 1567 1470 1634 Precc

353 1682 446 1760 ptore
460 1674 495 1742 in
511 1673 694 1761 Campania
709 1683 742 1741 et
756 1676 903 1744 biarchis
917 1675 1111 1761 Tarvissoa
1144 1683 1176 1743 et
1206 1674 1309 1742 batre
1324 1673 1465 1758 iordane,

353 1781 546 1869 Preccptore
570 1782 678 1852 Orare
693 1790 725 1850 et
749 1783 870 1850 Senoie
886 1805 895 1848 ι
913 1782 1076 1869 videlicet,
1100 1781 1188 1866 qood
1204 1782 1312 1850 dictus
1327 1781 1468 1867 blegistcr

354 1906 412 1976 per
427 1909 463 1958 se
477 1893 529 1958 rel
561 1890 696 1958 nuncios
741 1909 818 1957 snos
864 1911 923 1977 pro
955 1889 1178 1960 satisfactione
1209 1899 1242 1958 ct
1273 1890 1466 1960 restitucione

355 1999 579 2086 dampnorum,
612 2017 675 2084 que
692 1995 771 2065 data
786 2006 819 2066 ct
833 1998 928 2066 illata
943 1997 1073 2065 luerunt
1087 1998 1320 2066 mercatoribus
1335 1997 1462 2082 Veneds,

354 2105 635 2190 Veglensibnsque
646 2112 678 2174 et
688 2104 890 2174 Arbensibus
900 2105 934 2171 ln
949 2104 1082 2173 civitate
1097 2105 1227 2188 Senoic,
1243 2105 1321 2172 olim
1337 2112 1466 2190 tempore

355 2213 518 2301 captionis
534 2221 567 2282 et
591 2213 825 2281 combustionis
855 2215 961 2300 ipsios
976 2211 1128 2294 civitatis,
1144 2211 1217 2279 deri
1232 2217 1266 2281 et
1282 2211 1366 2280 solvi
1380 2211 1465 2278 faciet

354 2319 450 2390 blein
467 2319 617 2389 Vencciis
632 2320 717 2390 dicto
733 2319 866 2387 domino
882 2319 963 2387 Daci
981 2321 1033 2386 rel
1050 2317 1120 2387 eius
1135 2322 1316 2388 successori
1332 2337 1387 2388 seu
1401 2337 1467 2385 cun-

353 2428 406 2494 eio
421 2427 589 2514 recipienti
605 2449 663 2515 pro
680 2427 917 2495 mercatoribus
935 2428 1128 2496 memoratis
1141 2443 1244 2514 usqne
1259 2427 1306 2494 ad
1321 2443 1462 2494 summam

354 2533 509 2601 librarum
535 2535 679 2620 quinque
709 2535 832 2602 milium
850 2541 883 2602 et
899 2535 1108 2604 ducentorum
1124 2534 1365 2618 quinquaginta
1378 2532 1463 2598 dene·

353 2641 472 2708 riorum
499 2641 696 2712 Venetorum
728 2663 911 2731 parvorum,
959 2640 1068 2710 dando
1098 2650 1131 2711 et
1171 2643 1330 2711 solvendo
1359 2638 1467 2709 solidos

352 2746 467 2832 viginti
497 2747 703 2819 denariorum
747 2749 939 2819 Venetorum
971 2769 1160 2835 grossorum
1200 2750 1310 2818 minus
1345 2745 1465 2816 deusde

354 2877 419 2924 uuo
435 2877 495 2944 pro
511 2857 596 2927 libra
611 2859 829 2946 computando
844 2857 931 2926 libra
947 2857 1089 2944 ipsorum
1110 2877 1296 2943 grossorum
1320 2875 1378 2943 pro
1391 2853 1464 2920 libra
1542 2887 1544 2944 p

352 2965 468 3051 viginti
484 2985 543 3034 sex
553 2965 761 3034 denariorum
777 2967 975 3034 Venetorum
991 2985 1166 3052 parvorum
1182 2984 1242 3051 per
1271 2971 1341 3032 tres
1368 2977 1465 3040 ιιιιι,
1542 2957 1544 2972 ’

353 3073 401 3142 ita
415 3071 502 3159 quod
517 3075 622 3143 tercia
650 3095 729 3161 pars
759 3095 861 3162 supra
885 3073 1007 3162 scripte
1023 3093 1146 3141 summe
1162 3071 1351 3158 pecuniaric
1366 3065 1466 3154 persol-
1540 3073 1544 3152 ᾖ

356 3187 453 3248 ratur
484 3182 570 3246 omni
602 3201 688 3250 anno
720 3182 756 3248 in
772 3183 836 3250 isto
866 3179 949 3250 leste
976 3181 1070 3248 Beati
1094 3179 1182 3247 Petri
1197 3180 1323 3246 mensis
1337 3176 1427 3256 lanii,
1440 3179 1467 3238 et
1541 3173 1543 3234 ι

354 3287 510 3356 terminus
541 3289 635 3358 buius
666 3288 839 3358 solutionis
869 3311 936 3357 non
966 3289 1002 3356 in
1033 3288 1095 3356 isto
1111 3285 1195 3356 festo
1209 3277 1466 3374 proximosmci
1541 3327 1543 3376 ι

353 3396 453 3485 Petri,
468 3395 527 3464 sed
557 3397 592 3463 in
617 3395 681 3464 alio
697 3396 781 3466 festo
797 3397 908 3464 Sancti
924 3395 1012 3466 Petri
1028 3395 1177 3482 proxime
1197 3398 1335 3462 venturo
1349 3386 1465 3474 incipia-
1537 3386 1543 3446 l

354 3512 416 3592 tur,
433 3510 466 3571 et
479 3503 515 3571 in
530 3504 749 3590 ipsotermino
766 3504 864 3572 tertia
878 3525 957 3592 pars
971 3503 1188 3590 persolvatur,
1205 3508 1236 3568 et
1251 3498 1375 3596 sielsob
1389 3513 1465 3582 pens
1541 3497 1543 3576 ἒ

354 3611 448 3699 dupli
463 3611 560 3680 buius
573 3631 668 3686 sume
697 3611 905 3700 peccuniarie
935 3611 1053 3682 debeat
1077 3606 1246 3680 observari
1261 3607 1297 3674 in
1313 3601 1465 3676 solucione

356 3718 493 3805 pecunie
508 3726 685 3788 memorate
699 3741 773 3788 cum
789 3719 941 3806 dampnis
957 3726 990 3784 ct
1005 3718 1158 3804 expensis
1184 3712 1465 3796 restituendisque
1541 3713 1542 3718 ’

359 3828 474 3896 tierent
503 3827 579 3894 inde
608 3847 631 3893 a
645 3825 776 3894 domino
808 3826 900 3894 Doce
926 3825 978 3893 rel
1008 3822 1241 3893 mercatoribus
1272 3815 1462 3909 suprodictis·
1540 3881 1542 3906 ,

353 3931 451 4002 Unde
496 3931 602 4001 dietus
643 3932 794 4001 dominus
842 3934 917 4002 Dux
954 3931 1084 3999 nomine
1122 3950 1181 3999 suo
1218 3935 1252 3998 et
1297 3919 1466 3996 communie
1541 4019 1542 4028 ἶ

351 4041 579 4130 ιῑιιιιιιιιιιιι,ι
606 4048 642 4109 et
663 4040 795 4110 nomine
831 4040 1008 4110 Comitatus
1045 4049 1079 4106 et
1102 4037 1269 4107 bominum
1300 4033 1407 4119 Vegle,
1438 4033 1466 4096 et
1541 4103 1542 4120 2

351 4148 530 4218 Comitatus
575 4155 607 4216 et
654 4149 818 4216 bominum
863 4148 976 4232 Arbe,
1024 4143 1170 4232 predicto
1217 4142 1311 4210 fratri
1356 4130 1465 4208 Jacobo

351 4255 520 4343 recipienti
565 4255 695 4323 nomine
749 4265 780 4324 ιι
819 4254 889 4321 viee
926 4251 1063 4338 predicti
1100 4249 1251 4335 Magistri
1288 4257 1321 4316 et
1355 4249 1464 4316 Donm

351 4363 472 4432 billieic
487 4363 618 4450 Templi
648 4363 728 4433 iecit
748 4363 844 4431 linem
861 4367 893 4427 et
908 4360 1130 4429 remissionem
1146 4359 1187 4426 de
1219 4355 1365 4426 omnibus
1386 4349 1464 4418 dan·
1540 4419 1541 4422 ,

351 4472 427 4560 pnis
446 4477 480 4539 et
494 4469 632 4555 iniuriis,
648 4491 711 4556 que
727 4469 793 4556 peti
811 4477 942 4558 possent
955 4467 1146 4536 occassione
1162 4463 1274 4534 damni
1289 4463 1356 4530 dati
1379 4453 1464 4524 dictis
1539 4467 1541 4560 ρ

352 4579 594 4649 mercatoribus
625 4579 810 4646 incivitate
843 4577 973 4660 Sennis,
1002 4574 1134 4660 quaudo
1150 4579 1247 4661 capta
1263 4577 1296 4639 et
1309 4565 1460 4638 comburis
