<?xml version="1.0" encoding="UTF-8"?>
<!DOCTYPE html PUBLIC "-//W3C//DTD XHTML 1.0 Transitional//EN"
    "http://www.w3.org/TR/xhtml1/DTD/xhtml1-transitional.dtd">
<html xmlns="http://www.w3.org/1999/xhtml" xml:lang="en" lang="en">
 <head>
  <title>
</title>
<meta http-equiv="Content-Type" content="text/html;charset=utf-8" />
  <meta name='ocr-system' content='tesseract 3.04.00' />
  <meta name='ocr-capabilities' content='ocr_page ocr_carea ocr_par ocr_line ocrx_word'/>
</head>
<body>
  <div class='ocr_page' id='page_1' title='image "./codexdiplomatic01wenzgoog_0566.png"; bbox 0 0 3184 5186; ppageno 0'>
   <div class='ocr_carea' id='block_1_1' title="bbox 802 351 1046 495">
    <p class='ocr_par' dir='ltr' id='par_1_1' title="bbox 802 351 1046 495">
     <span class='ocr_line' id='line_1_1' title="bbox 802 351 1046 495; baseline -0.004 -136"><span class='ocrx_word' id='word_1_1' title='bbox 802 395 961 495; x_wconf 51' lang='lat' dir='ltr'><strong>ffl—</strong></span> <span class='ocrx_word' id='word_1_2' title='bbox 1041 351 1046 358; x_wconf 83' lang='lat'><em>.</em></span> 
     </span>
    </p>
   </div>
   <div class='ocr_carea' id='block_1_2' title="bbox 318 587 1445 768">
    <p class='ocr_par' dir='ltr' id='par_1_2' title="bbox 318 587 1445 768">
     <span class='ocr_line' id='line_1_2' title="bbox 320 587 1445 678; baseline 0 -20"><span class='ocrx_word' id='word_1_3' title='bbox 320 590 531 678; x_wconf 76' lang='lat' dir='ltr'><strong>presentibus</strong></span> <span class='ocrx_word' id='word_1_4' title='bbox 546 593 784 662; x_wconf 74' lang='lat' dir='ltr'><strong>confirmemus</strong></span> <span class='ocrx_word' id='word_1_5' title='bbox 816 591 911 658; x_wconf 82' lang='lat' dir='ltr'><strong>Anno</strong></span> <span class='ocrx_word' id='word_1_6' title='bbox 939 589 1059 660; x_wconf 83' lang='lat' dir='ltr'><strong>Grsoie</strong></span> <span class='ocrx_word' id='word_1_7' title='bbox 1090 587 1210 657; x_wconf 78' lang='lat' dir='ltr'>M⁰OG⁰</span> <span class='ocrx_word' id='word_1_8' title='bbox 1240 591 1445 677; x_wconf 80' lang='lat' dir='ltr'><strong>sexagesimo</strong></span> 
     </span>
     <span class='ocr_line' id='line_1_3' title="bbox 318 699 470 768; baseline -0.007 0"><span class='ocrx_word' id='word_1_9' title='bbox 318 699 470 768; x_wconf 84' lang='lat' dir='ltr'><strong>seeundo.</strong></span> 
     </span>
    </p>
   </div>
   <div class='ocr_carea' id='block_1_3' title="bbox 318 895 1449 1055">
    <p class='ocr_par' dir='ltr' id='par_1_3' title="bbox 318 895 1449 1055">
     <span class='ocr_line' id='line_1_4' title="bbox 320 895 1449 966; baseline -0.003 -16"><span class='ocrx_word' id='word_1_10' title='bbox 320 897 462 960; x_wconf 78' lang='lat' dir='ltr'><strong>(Itrsdstis</strong></span> <span class='ocrx_word' id='word_1_11' title='bbox 491 896 676 966; x_wconf 73' lang='lat' dir='ltr'><strong>borhtrtytn,</strong></span> <span class='ocrx_word' id='word_1_12' title='bbox 707 896 923 966; x_wconf 69' lang='lat' dir='ltr'><strong>evonis-stupe</strong></span> <span class='ocrx_word' id='word_1_13' title='bbox 941 897 1178 964; x_wconf 76' lang='lat' dir='ltr'><strong>selysmzsinoron</strong></span> <span class='ocrx_word' id='word_1_14' title='bbox 1205 898 1319 964; x_wconf 75' lang='lat' dir='ltr'><strong>tuggon</strong></span> <span class='ocrx_word' id='word_1_15' title='bbox 1350 895 1449 964; x_wconf 81' lang='lat' dir='ltr'><strong>peestt</strong></span> 
     </span>
     <span class='ocr_line' id='line_1_5' title="bbox 318 987 1446 1055; baseline 0 -16"><span class='ocrx_word' id='word_1_16' title='bbox 318 989 475 1054; x_wconf 77' lang='lat' dir='ltr'><strong>elvsszett3</strong></span> <span class='ocrx_word' id='word_1_17' title='bbox 493 988 607 1042; x_wconf 77' lang='lat' dir='ltr'><strong>sbudsi</strong></span> <span class='ocrx_word' id='word_1_18' title='bbox 620 988 674 1042; x_wconf 76' lang='lat' dir='ltr'><strong>kin.</strong></span> <span class='ocrx_word' id='word_1_19' title='bbox 686 987 1002 1043; x_wconf 68' lang='lat' dir='ltr'><strong>ksmersitevelttrnsk</strong></span> <span class='ocrx_word' id='word_1_20' title='bbox 1021 987 1190 1055; x_wconf 70' lang='lat' dir='ltr'><strong>Zigribbsn</strong></span> <span class='ocrx_word' id='word_1_21' title='bbox 1210 988 1275 1040; x_wconf 73' lang='lat' dir='ltr'><strong>levo</strong></span> <span class='ocrx_word' id='word_1_22' title='bbox 1293 987 1446 1051; x_wconf 66' lang='lat' dir='ltr'><strong>reatinen.)</strong></span> 
     </span>
    </p>
   </div>
   <div class='ocr_carea' id='block_1_4' title="bbox 844 1813 920 1882">
    <p class='ocr_par' dir='ltr' id='par_1_4' title="bbox 844 1813 920 1882">
     <span class='ocr_line' id='line_1_6' title="bbox 844 1813 920 1882; baseline 0.026 -2"><span class='ocrx_word' id='word_1_23' title='bbox 844 1813 920 1882; x_wconf 76' lang='lat'><strong>365.</strong></span> 
     </span>
    </p>
   </div>
   <div class='ocr_carea' id='block_1_5' title="bbox 318 2007 1449 2186">
    <p class='ocr_par' dir='ltr' id='par_1_5' title="bbox 318 2007 1449 2186">
     <span class='ocr_line' id='line_1_7' title="bbox 318 2007 1449 2100; baseline -0.003 -21"><span class='ocrx_word' id='word_1_24' title='bbox 318 2013 350 2079; x_wconf 88' lang='lat' dir='ltr'><em>A</em></span> <span class='ocrx_word' id='word_1_25' title='bbox 387 2014 568 2100; x_wconf 76' lang='lat' dir='ltr'><strong>rupseoiok</strong></span> <span class='ocrx_word' id='word_1_26' title='bbox 591 2017 623 2080; x_wconf 72' lang='lat' dir='ltr'><strong>os</strong></span> <span class='ocrx_word' id='word_1_27' title='bbox 644 2011 839 2078; x_wconf 82' lang='lat' dir='ltr'><strong>almisooiok</strong></span> <span class='ocrx_word' id='word_1_28' title='bbox 862 2011 933 2076; x_wconf 76' lang='lat' dir='ltr'><strong>ko&#39;st</strong></span> <span class='ocrx_word' id='word_1_29' title='bbox 955 2011 1105 2095; x_wconf 81' lang='lat' dir='ltr'><strong>bizonyoe</strong></span> <span class='ocrx_word' id='word_1_30' title='bbox 1127 2007 1294 2076; x_wconf 62' lang='lat' dir='ltr'><strong>meretoc</strong></span> <span class='ocrx_word' id='word_1_31' title='bbox 1315 2015 1449 2098; x_wconf 77' lang='lat' dir='ltr'><strong>tcirpyd-</strong></span> 
     </span>
     <span class='ocr_line' id='line_1_8' title="bbox 684 2117 1075 2186; baseline -0.008 -2"><span class='ocrx_word' id='word_1_32' title='bbox 684 2120 761 2184; x_wconf 78' lang='lat' dir='ltr'><strong>boni</strong></span> <span class='ocrx_word' id='word_1_33' title='bbox 784 2117 954 2185; x_wconf 77' lang='lat' dir='ltr'><strong>ktttkotts.</strong></span> <span class='ocrx_word' id='word_1_34' title='bbox 981 2121 1075 2186; x_wconf 84' lang='lat'><em>1262.</em></span> 
     </span>
    </p>
   </div>
   <div class='ocr_carea' id='block_1_6' title="bbox 236 2312 1454 4448">
    <p class='ocr_par' dir='ltr' id='par_1_6' title="bbox 236 2312 1454 4448">
     <span class='ocr_line' id='line_1_9' title="bbox 424 2312 1446 2396; baseline -0.005 -14"><span class='ocrx_word' id='word_1_35' title='bbox 424 2319 520 2384; x_wconf 89' lang='lat' dir='ltr'><strong>Anno</strong></span> <span class='ocrx_word' id='word_1_36' title='bbox 536 2315 667 2384; x_wconf 89' lang='lat' dir='ltr'><strong>Domini</strong></span> <span class='ocrx_word' id='word_1_37' title='bbox 687 2314 860 2383; x_wconf 84' lang='lat' dir='ltr'><strong>millesimo</strong></span> <span class='ocrx_word' id='word_1_38' title='bbox 877 2312 1095 2382; x_wconf 77' lang='lat' dir='ltr'><strong>dueentesimo</strong></span> <span class='ocrx_word' id='word_1_39' title='bbox 1110 2313 1316 2396; x_wconf 75' lang='lat' dir='ltr'><strong>sexagesimo</strong></span> <span class='ocrx_word' id='word_1_40' title='bbox 1333 2331 1446 2381; x_wconf 83' lang='lat' dir='ltr'><strong>sonun-</strong></span> 
     </span>
     <span class='ocr_line' id='line_1_10' title="bbox 318 2419 1448 2512; baseline -0.002 -22"><span class='ocrx_word' id='word_1_41' title='bbox 318 2425 371 2512; x_wconf 87' lang='lat' dir='ltr'><strong>do,</strong></span> <span class='ocrx_word' id='word_1_42' title='bbox 388 2422 510 2492; x_wconf 86' lang='lat' dir='ltr'><strong>mensis</strong></span> <span class='ocrx_word' id='word_1_43' title='bbox 525 2422 725 2508; x_wconf 76' lang='lat' dir='ltr'><strong>Septembris</strong></span> <span class='ocrx_word' id='word_1_44' title='bbox 739 2421 795 2489; x_wconf 87' lang='lat' dir='ltr'><strong>dio</strong></span> <span class='ocrx_word' id='word_1_45' title='bbox 810 2419 952 2490; x_wconf 84' lang='lat' dir='ltr'><strong>seeundo</strong></span> <span class='ocrx_word' id='word_1_46' title='bbox 969 2426 1118 2506; x_wconf 84' lang='lat' dir='ltr'><strong>exeunte,</strong></span> <span class='ocrx_word' id='word_1_47' title='bbox 1143 2419 1320 2488; x_wconf 76' lang='lat' dir='ltr'><strong>indictione</strong></span> <span class='ocrx_word' id='word_1_48' title='bbox 1344 2427 1448 2509; x_wconf 81' lang='lat' dir='ltr'><strong>sexte,</strong></span> 
     </span>
     <span class='ocr_line' id='line_1_11' title="bbox 319 2527 1448 2616; baseline -0.004 -18"><span class='ocrx_word' id='word_1_49' title='bbox 319 2541 464 2616; x_wconf 86' lang='lat' dir='ltr'><strong>tempore</strong></span> <span class='ocrx_word' id='word_1_50' title='bbox 495 2529 612 2597; x_wconf 87' lang='lat' dir='ltr'><strong>Comiti</strong></span> <span class='ocrx_word' id='word_1_51' title='bbox 642 2530 786 2598; x_wconf 80' lang='lat' dir='ltr'><strong>deosio</strong></span> <span class='ocrx_word' id='word_1_52' title='bbox 819 2528 853 2596; x_wconf 91' lang='lat' dir='ltr'><strong>in</strong></span> <span class='ocrx_word' id='word_1_53' title='bbox 883 2527 1022 2596; x_wconf 83' lang='lat' dir='ltr'><strong>Almisio</strong></span> <span class='ocrx_word' id='word_1_54' title='bbox 1054 2527 1115 2594; x_wconf 90' lang='lat' dir='ltr'><strong>hoo</strong></span> <span class='ocrx_word' id='word_1_55' title='bbox 1146 2536 1252 2597; x_wconf 82' lang='lat' dir='ltr'><strong>sotum</strong></span> <span class='ocrx_word' id='word_1_56' title='bbox 1269 2535 1320 2596; x_wconf 88' lang='lat' dir='ltr'><strong>est</strong></span> <span class='ocrx_word' id='word_1_57' title='bbox 1336 2548 1448 2595; x_wconf 83' lang='lat' dir='ltr'><strong>eoram</strong></span> 
     </span>
     <span class='ocr_line' id='line_1_12' title="bbox 319 2634 1450 2724; baseline -0.004 -18"><span class='ocrx_word' id='word_1_58' title='bbox 319 2640 371 2706; x_wconf 90' lang='lat' dir='ltr'><strong>his</strong></span> <span class='ocrx_word' id='word_1_59' title='bbox 384 2637 531 2724; x_wconf 89' lang='lat' dir='ltr'><strong>testibus,</strong></span> <span class='ocrx_word' id='word_1_60' title='bbox 548 2655 683 2721; x_wconf 88' lang='lat' dir='ltr'><strong>quorum</strong></span> <span class='ocrx_word' id='word_1_61' title='bbox 699 2638 832 2704; x_wconf 81' lang='lat' dir='ltr'><strong>nomina</strong></span> <span class='ocrx_word' id='word_1_62' title='bbox 847 2635 983 2704; x_wconf 83' lang='lat' dir='ltr'><strong>inferius</strong></span> <span class='ocrx_word' id='word_1_63' title='bbox 999 2637 1159 2719; x_wconf 86' lang='lat' dir='ltr'><strong>leguntur.</strong></span> <span class='ocrx_word' id='word_1_64' title='bbox 1176 2634 1241 2713; x_wconf 77' lang='lat' dir='ltr'><strong>oui</strong></span> <span class='ocrx_word' id='word_1_65' title='bbox 1255 2657 1317 2704; x_wconf 88' lang='lat' dir='ltr'><strong>nos</strong></span> <span class='ocrx_word' id='word_1_66' title='bbox 1333 2639 1450 2704; x_wconf 83' lang='lat' dir='ltr'><strong>Comes</strong></span> 
     </span>
     <span class='ocr_line' id='line_1_13' title="bbox 316 2743 1449 2828; baseline -0.004 -15"><span class='ocrx_word' id='word_1_67' title='bbox 316 2745 425 2813; x_wconf 82' lang='lat' dir='ltr'><strong>Redos</strong></span> <span class='ocrx_word' id='word_1_68' title='bbox 457 2753 489 2810; x_wconf 91' lang='lat' dir='ltr'><strong>et</strong></span> <span class='ocrx_word' id='word_1_69' title='bbox 520 2745 634 2812; x_wconf 81' lang='lat' dir='ltr'><strong>Comes</strong></span> <span class='ocrx_word' id='word_1_70' title='bbox 659 2744 680 2812; x_wconf 84' lang='lat' dir='ltr'>J</span> <span class='ocrx_word' id='word_1_71' title='bbox 684 2762 758 2811; x_wconf 85' lang='lat' dir='ltr'><strong>mro</strong></span> <span class='ocrx_word' id='word_1_72' title='bbox 774 2762 848 2808; x_wconf 88' lang='lat' dir='ltr'><strong>oum</strong></span> <span class='ocrx_word' id='word_1_73' title='bbox 864 2745 982 2810; x_wconf 89' lang='lat' dir='ltr'><strong>nostris</strong></span> <span class='ocrx_word' id='word_1_74' title='bbox 997 2743 1189 2828; x_wconf 84' lang='lat' dir='ltr'><strong>propinquis</strong></span> <span class='ocrx_word' id='word_1_75' title='bbox 1206 2747 1238 2824; x_wconf 78' lang='lat' dir='ltr'><strong>et</strong></span> <span class='ocrx_word' id='word_1_76' title='bbox 1254 2762 1329 2809; x_wconf 87' lang='lat' dir='ltr'><strong>oum</strong></span> <span class='ocrx_word' id='word_1_77' title='bbox 1345 2750 1449 2809; x_wconf 81' lang='lat' dir='ltr'><strong>totam</strong></span> 
     </span>
     <span class='ocr_line' id='line_1_14' title="bbox 319 2848 1446 2935; baseline -0.002 -15"><span class='ocrx_word' id='word_1_78' title='bbox 319 2855 554 2920; x_wconf 83' lang='lat' dir='ltr'><strong>Oomunitetem</strong></span> <span class='ocrx_word' id='word_1_79' title='bbox 564 2858 673 2920; x_wconf 87' lang='lat' dir='ltr'><strong>nostre</strong></span> <span class='ocrx_word' id='word_1_80' title='bbox 683 2849 830 2920; x_wconf 76' lang='lat' dir='ltr'><strong>Civitatis</strong></span> <span class='ocrx_word' id='word_1_81' title='bbox 847 2849 1058 2919; x_wconf 76' lang='lat' dir='ltr'><strong>testificantes</strong></span> <span class='ocrx_word' id='word_1_82' title='bbox 1074 2850 1298 2935; x_wconf 73' lang='lat' dir='ltr'><strong>testificamus,</strong></span> <span class='ocrx_word' id='word_1_83' title='bbox 1315 2848 1446 2918; x_wconf 85' lang='lat' dir='ltr'><strong>venisse</strong></span> 
     </span>
     <span class='ocr_line' id='line_1_15' title="bbox 318 2958 1448 3054; baseline -0.004 -25"><span class='ocrx_word' id='word_1_84' title='bbox 318 2962 361 3029; x_wconf 83' lang='lat' dir='ltr'><strong>nd</strong></span> <span class='ocrx_word' id='word_1_85' title='bbox 372 2968 517 3030; x_wconf 78' lang='lat' dir='ltr'><strong>nostrum</strong></span> <span class='ocrx_word' id='word_1_86' title='bbox 535 2961 731 3054; x_wconf 79' lang='lat' dir='ltr'><strong>presentiam</strong></span> <span class='ocrx_word' id='word_1_87' title='bbox 747 2959 880 3027; x_wconf 89' lang='lat' dir='ltr'><strong>nuntios</strong></span> <span class='ocrx_word' id='word_1_88' title='bbox 895 2958 1116 3043; x_wconf 76' lang='lat' dir='ltr'><strong>Ragusisnses</strong></span> <span class='ocrx_word' id='word_1_89' title='bbox 1132 2978 1205 3025; x_wconf 88' lang='lat' dir='ltr'><strong>oum</strong></span> <span class='ocrx_word' id='word_1_90' title='bbox 1222 2958 1327 3027; x_wconf 90' lang='lat' dir='ltr'><strong>literis</strong></span> <span class='ocrx_word' id='word_1_91' title='bbox 1344 2958 1448 3026; x_wconf 84' lang='lat' dir='ltr'><strong>nobili</strong></span> 
     </span>
     <span class='ocr_line' id='line_1_16' title="bbox 321 3065 1447 3154; baseline -0.001 -19"><span class='ocrx_word' id='word_1_92' title='bbox 321 3068 391 3135; x_wconf 87' lang='lat' dir='ltr'><strong>viro</strong></span> <span class='ocrx_word' id='word_1_93' title='bbox 407 3069 537 3137; x_wconf 89' lang='lat' dir='ltr'><strong>domiuo</strong></span> <span class='ocrx_word' id='word_1_94' title='bbox 553 3068 691 3154; x_wconf 87' lang='lat' dir='ltr'><strong>Phylipo</strong></span> <span class='ocrx_word' id='word_1_95' title='bbox 709 3068 877 3136; x_wconf 80' lang='lat' dir='ltr'><strong>Conterini</strong></span> <span class='ocrx_word' id='word_1_96' title='bbox 893 3065 1011 3134; x_wconf 81' lang='lat' dir='ltr'><strong>Comiti</strong></span> <span class='ocrx_word' id='word_1_97' title='bbox 1028 3065 1242 3151; x_wconf 82' lang='lat' dir='ltr'><strong>Regusiensis</strong></span> <span class='ocrx_word' id='word_1_98' title='bbox 1262 3075 1296 3131; x_wconf 86' lang='lat' dir='ltr'><strong>et</strong></span> <span class='ocrx_word' id='word_1_99' title='bbox 1325 3066 1447 3134; x_wconf 86' lang='lat' dir='ltr'><strong>Judioi·</strong></span> 
     </span>
     <span class='ocr_line' id='line_1_17' title="bbox 236 3173 1450 3259; baseline 0 -17"><span class='ocrx_word' id='word_1_100' title='bbox 236 3193 240 3200; x_wconf 83' lang='grc'><em>’</em></span> <span class='ocrx_word' id='word_1_101' title='bbox 321 3177 382 3243; x_wconf 89' lang='lat' dir='ltr'><strong>bus</strong></span> <span class='ocrx_word' id='word_1_102' title='bbox 414 3184 447 3243; x_wconf 91' lang='lat' dir='ltr'><strong>et</strong></span> <span class='ocrx_word' id='word_1_103' title='bbox 475 3185 544 3244; x_wconf 86' lang='lat' dir='ltr'><strong>toto</strong></span> <span class='ocrx_word' id='word_1_104' title='bbox 576 3175 774 3243; x_wconf 84' lang='lat' dir='ltr'><strong>Gomonitnti</strong></span> <span class='ocrx_word' id='word_1_105' title='bbox 806 3173 953 3242; x_wconf 87' lang='lat' dir='ltr'><strong>eiusdem</strong></span> <span class='ocrx_word' id='word_1_106' title='bbox 980 3176 1088 3258; x_wconf 80' lang='lat' dir='ltr'><strong>Terre,</strong></span> <span class='ocrx_word' id='word_1_107' title='bbox 1123 3174 1177 3259; x_wconf 88' lang='lat' dir='ltr'><strong>qui</strong></span> <span class='ocrx_word' id='word_1_108' title='bbox 1195 3185 1450 3259; x_wconf 81' lang='lat' dir='ltr'><strong>senposuernnt</strong></span> 
     </span>
     <span class='ocr_line' id='line_1_18' title="bbox 318 3281 1448 3368; baseline 0.002 -20"><span class='ocrx_word' id='word_1_109' title='bbox 318 3283 443 3348; x_wconf 86' lang='lat' dir='ltr'><strong>firmum</strong></span> <span class='ocrx_word' id='word_1_110' title='bbox 460 3302 572 3368; x_wconf 80' lang='lat' dir='ltr'><strong>paoem</strong></span> <span class='ocrx_word' id='word_1_111' title='bbox 589 3282 756 3350; x_wconf 85' lang='lat' dir='ltr'><strong>nobiseum</strong></span> <span class='ocrx_word' id='word_1_112' title='bbox 773 3289 893 3350; x_wconf 82' lang='lat' dir='ltr'><strong>etcum</strong></span> <span class='ocrx_word' id='word_1_113' title='bbox 913 3281 1098 3350; x_wconf 89' lang='lat' dir='ltr'><strong>hominibus</strong></span> <span class='ocrx_word' id='word_1_114' title='bbox 1130 3289 1215 3348; x_wconf 85' lang='lat' dir='ltr'><strong>terre</strong></span> <span class='ocrx_word' id='word_1_115' title='bbox 1245 3287 1356 3350; x_wconf 87' lang='lat' dir='ltr'><strong>nostre</strong></span> <span class='ocrx_word' id='word_1_116' title='bbox 1387 3303 1448 3368; x_wconf 90' lang='lat' dir='ltr'><strong>pro</strong></span> 
     </span>
     <span class='ocr_line' id='line_1_19' title="bbox 320 3387 1444 3478; baseline 0.003 -22"><span class='ocrx_word' id='word_1_117' title='bbox 320 3391 494 3458; x_wconf 81' lang='lat' dir='ltr'><strong>homicidio</strong></span> <span class='ocrx_word' id='word_1_118' title='bbox 515 3393 547 3458; x_wconf 92' lang='lat' dir='ltr'><strong>in</strong></span> <span class='ocrx_word' id='word_1_119' title='bbox 568 3391 712 3476; x_wconf 74' lang='lat' dir='ltr'><strong>Ragonio</strong></span> <span class='ocrx_word' id='word_1_120' title='bbox 731 3396 928 3478; x_wconf 83' lang='lat' dir='ltr'><strong>perpetrato,</strong></span> <span class='ocrx_word' id='word_1_121' title='bbox 943 3387 1095 3458; x_wconf 85' lang='lat' dir='ltr'><strong>videlieet</strong></span> <span class='ocrx_word' id='word_1_122' title='bbox 1110 3389 1246 3457; x_wconf 87' lang='lat' dir='ltr'><strong>duorum</strong></span> <span class='ocrx_word' id='word_1_123' title='bbox 1262 3390 1444 3478; x_wconf 89' lang='lat' dir='ltr'><strong>hominum,</strong></span> 
     </span>
     <span class='ocr_line' id='line_1_20' title="bbox 315 3497 1444 3586; baseline -0.001 -21"><span class='ocrx_word' id='word_1_124' title='bbox 315 3507 346 3565; x_wconf 89' lang='lat' dir='ltr'><strong>et</strong></span> <span class='ocrx_word' id='word_1_125' title='bbox 361 3498 461 3566; x_wconf 85' lang='lat' dir='ltr'><strong>ternio</strong></span> <span class='ocrx_word' id='word_1_126' title='bbox 476 3499 639 3586; x_wconf 84' lang='lat' dir='ltr'><strong>semivivo,</strong></span> <span class='ocrx_word' id='word_1_127' title='bbox 656 3499 690 3566; x_wconf 91' lang='lat' dir='ltr'><strong>in</strong></span> <span class='ocrx_word' id='word_1_128' title='bbox 714 3501 800 3567; x_wconf 86' lang='lat' dir='ltr'><strong>hune</strong></span> <span class='ocrx_word' id='word_1_129' title='bbox 816 3499 947 3567; x_wconf 84' lang='lat' dir='ltr'><strong>modum</strong></span> <span class='ocrx_word' id='word_1_130' title='bbox 964 3497 1109 3565; x_wconf 78' lang='lat' dir='ltr'><strong>feserunt</strong></span> <span class='ocrx_word' id='word_1_131' title='bbox 1125 3503 1185 3564; x_wconf 87' lang='lat' dir='ltr'><strong>eto.</strong></span> <span class='ocrx_word' id='word_1_132' title='bbox 1203 3497 1390 3585; x_wconf 84' lang='lat' dir='ltr'><strong>(Statuitur,</strong></span> <span class='ocrx_word' id='word_1_133' title='bbox 1407 3509 1444 3565; x_wconf 85' lang='lat' dir='ltr'><strong>ut</strong></span> 
     </span>
     <span class='ocr_line' id='line_1_21' title="bbox 318 3604 1448 3694; baseline 0.001 -22"><span class='ocrx_word' id='word_1_134' title='bbox 318 3607 496 3688; x_wconf 81' lang='lat' dir='ltr'><strong>ngusium</strong></span> <span class='ocrx_word' id='word_1_135' title='bbox 528 3607 633 3674; x_wconf 78' lang='lat' dir='ltr'><strong>solvet</strong></span> <span class='ocrx_word' id='word_1_136' title='bbox 648 3628 707 3694; x_wconf 90' lang='lat' dir='ltr'><strong>pro</strong></span> <span class='ocrx_word' id='word_1_137' title='bbox 724 3608 828 3692; x_wconf 90' lang='lat' dir='ltr'><strong>primo</strong></span> <span class='ocrx_word' id='word_1_138' title='bbox 846 3607 949 3673; x_wconf 84' lang='lat' dir='ltr'><strong>libras</strong></span> <span class='ocrx_word' id='word_1_139' title='bbox 967 3611 1031 3674; x_wconf 87' lang='lat'><strong>160</strong></span> <span class='ocrx_word' id='word_1_140' title='bbox 1047 3604 1251 3673; x_wconf 81' lang='lat' dir='ltr'><strong>donariorum</strong></span> <span class='ocrx_word' id='word_1_141' title='bbox 1267 3627 1448 3692; x_wconf 75' lang='lat' dir='ltr'><strong>parvorum</strong></span> 
     </span>
     <span class='ocr_line' id='line_1_22' title="bbox 323 3713 1453 3800; baseline 0.004 -23"><span class='ocrx_word' id='word_1_142' title='bbox 323 3715 527 3795; x_wconf 87' lang='lat' dir='ltr'><strong>Venetorum,</strong></span> <span class='ocrx_word' id='word_1_143' title='bbox 544 3735 602 3800; x_wconf 90' lang='lat' dir='ltr'><strong>pro</strong></span> <span class='ocrx_word' id='word_1_144' title='bbox 619 3717 760 3782; x_wconf 88' lang='lat' dir='ltr'><strong>seeundo</strong></span> <span class='ocrx_word' id='word_1_145' title='bbox 779 3717 853 3796; x_wconf 82' lang='lat'><strong>150,</strong></span> <span class='ocrx_word' id='word_1_146' title='bbox 868 3722 901 3782; x_wconf 88' lang='lat' dir='ltr'><strong>et</strong></span> <span class='ocrx_word' id='word_1_147' title='bbox 916 3733 976 3800; x_wconf 91' lang='lat' dir='ltr'><strong>pro</strong></span> <span class='ocrx_word' id='word_1_148' title='bbox 1005 3715 1109 3781; x_wconf 82' lang='lat' dir='ltr'><strong>ternio</strong></span> <span class='ocrx_word' id='word_1_149' title='bbox 1141 3718 1196 3781; x_wconf 76' lang='lat'><strong>45·</strong></span> <span class='ocrx_word' id='word_1_150' title='bbox 1217 3715 1252 3781; x_wconf 93' lang='lat' dir='ltr'><strong>in</strong></span> <span class='ocrx_word' id='word_1_151' title='bbox 1283 3713 1336 3781; x_wconf 88' lang='lat' dir='ltr'><strong>die</strong></span> <span class='ocrx_word' id='word_1_152' title='bbox 1367 3715 1453 3782; x_wconf 84' lang='lat' dir='ltr'><strong>festo</strong></span> 
     </span>
     <span class='ocr_line' id='line_1_23' title="bbox 321 3819 1451 3908; baseline 0.001 -21"><span class='ocrx_word' id='word_1_153' title='bbox 321 3821 432 3888; x_wconf 81' lang='lat' dir='ltr'><strong>Sunoti</strong></span> <span class='ocrx_word' id='word_1_154' title='bbox 448 3819 631 3908; x_wconf 80' lang='lat' dir='ltr'><strong>Michaelis,</strong></span> <span class='ocrx_word' id='word_1_155' title='bbox 647 3819 903 3908; x_wconf 84' lang='lat' dir='ltr'><strong>aliter&#39;duplum.</strong></span> <span class='ocrx_word' id='word_1_156' title='bbox 924 3821 1033 3889; x_wconf 83' lang='lat' dir='ltr'><strong>Rados</strong></span> <span class='ocrx_word' id='word_1_157' title='bbox 1053 3828 1086 3887; x_wconf 85' lang='lat' dir='ltr'><strong>st</strong></span> <span class='ocrx_word' id='word_1_158' title='bbox 1097 3829 1250 3906; x_wconf 83' lang='lat' dir='ltr'><strong>parentes</strong></span> <span class='ocrx_word' id='word_1_159' title='bbox 1269 3822 1451 3890; x_wconf 89' lang='lat' dir='ltr'><strong>oeoisorum</strong></span> 
     </span>
     <span class='ocr_line' id='line_1_24' title="bbox 319 3927 1454 4015; baseline 0.001 -21"><span class='ocrx_word' id='word_1_160' title='bbox 319 3929 499 3996; x_wconf 79' lang='lat' dir='ltr'><strong>iuramento</strong></span> <span class='ocrx_word' id='word_1_161' title='bbox 515 3949 551 3996; x_wconf 88' lang='lat' dir='ltr'><strong>so</strong></span> <span class='ocrx_word' id='word_1_162' title='bbox 563 3931 776 4015; x_wconf 76' lang='lat' dir='ltr'><strong>obstringunt,</strong></span> <span class='ocrx_word' id='word_1_163' title='bbox 793 3930 893 3996; x_wconf 81' lang='lat' dir='ltr'><strong>ullam</strong></span> <span class='ocrx_word' id='word_1_164' title='bbox 908 3929 1009 3996; x_wconf 82' lang='lat' dir='ltr'><strong>ulium</strong></span> <span class='ocrx_word' id='word_1_165' title='bbox 1025 3927 1284 3997; x_wconf 70' lang='lat' dir='ltr'><strong>satisfactionem</strong></span> <span class='ocrx_word' id='word_1_166' title='bbox 1305 3949 1454 4013; x_wconf 86' lang='lat' dir='ltr'><strong>unquam</strong></span> 
     </span>
     <span class='ocr_line' id='line_1_25' title="bbox 318 4037 1450 4123; baseline 0.002 -21"><span class='ocrx_word' id='word_1_167' title='bbox 318 4038 477 4122; x_wconf 90' lang='lat' dir='ltr'><strong>petituros</strong></span> <span class='ocrx_word' id='word_1_168' title='bbox 507 4058 565 4123; x_wconf 88' lang='lat' dir='ltr'><strong>pro</strong></span> <span class='ocrx_word' id='word_1_169' title='bbox 599 4038 665 4106; x_wconf 78' lang='lat' dir='ltr'><strong>isto</strong></span> <span class='ocrx_word' id='word_1_170' title='bbox 690 4059 734 4122; x_wconf 92' lang='lat' dir='ltr'><strong>re,</strong></span> <span class='ocrx_word' id='word_1_171' title='bbox 772 4045 805 4102; x_wconf 91' lang='lat' dir='ltr'><strong>et</strong></span> <span class='ocrx_word' id='word_1_172' title='bbox 823 4037 1007 4122; x_wconf 75' lang='lat' dir='ltr'><strong>testificant,</strong></span> <span class='ocrx_word' id='word_1_173' title='bbox 1023 4037 1110 4121; x_wconf 86' lang='lat' dir='ltr'><strong>quod</strong></span> <span class='ocrx_word' id='word_1_174' title='bbox 1123 4057 1225 4121; x_wconf 89' lang='lat' dir='ltr'><strong>suprs</strong></span> <span class='ocrx_word' id='word_1_175' title='bbox 1242 4039 1450 4105; x_wconf 80' lang='lat' dir='ltr'><strong>nominatam</strong></span> 
     </span>
     <span class='ocr_line' id='line_1_26' title="bbox 321 4146 1447 4231; baseline 0.001 -21"><span class='ocrx_word' id='word_1_176' title='bbox 321 4164 479 4212; x_wconf 86' lang='lat' dir='ltr'><strong>summum</strong></span> <span class='ocrx_word' id='word_1_177' title='bbox 495 4167 516 4212; x_wconf 83' lang='lat' dir='ltr'><strong>a</strong></span> <span class='ocrx_word' id='word_1_178' title='bbox 531 4146 791 4227; x_wconf 80' lang='lat' dir='ltr'><strong>ngusiensibus</strong></span> <span class='ocrx_word' id='word_1_179' title='bbox 821 4146 862 4212; x_wconf 91' lang='lat' dir='ltr'><strong>de</strong></span> <span class='ocrx_word' id='word_1_180' title='bbox 892 4147 979 4212; x_wconf 84' lang='lat' dir='ltr'><strong>sueto</strong></span> <span class='ocrx_word' id='word_1_181' title='bbox 1010 4152 1043 4214; x_wconf 88' lang='lat' dir='ltr'><strong>et</strong></span> <span class='ocrx_word' id='word_1_182' title='bbox 1073 4164 1114 4211; x_wconf 84' lang='lat' dir='ltr'><strong>ex</strong></span> <span class='ocrx_word' id='word_1_183' title='bbox 1144 4150 1211 4211; x_wconf 91' lang='lat' dir='ltr'><strong>toto</strong></span> <span class='ocrx_word' id='word_1_184' title='bbox 1245 4146 1447 4231; x_wconf 83' lang='lat' dir='ltr'><strong>eooeperint.</strong></span> 
     </span>
     <span class='ocr_line' id='line_1_27' title="bbox 317 4252 1447 4342; baseline 0.003 -25"><span class='ocrx_word' id='word_1_185' title='bbox 317 4253 385 4337; x_wconf 81' lang='lat' dir='ltr'><strong>Ego</strong></span> <span class='ocrx_word' id='word_1_186' title='bbox 401 4253 547 4340; x_wconf 84' lang='lat' dir='ltr'><strong>Iupauus</strong></span> <span class='ocrx_word' id='word_1_187' title='bbox 564 4253 691 4342; x_wconf 82' lang='lat' dir='ltr'><strong>Petrus,</strong></span> <span class='ocrx_word' id='word_1_188' title='bbox 708 4252 796 4321; x_wconf 79' lang='lat' dir='ltr'><strong>Civis</strong></span> <span class='ocrx_word' id='word_1_189' title='bbox 812 4252 1031 4336; x_wconf 84' lang='lat' dir='ltr'><strong>Almisiensis‚</strong></span> <span class='ocrx_word' id='word_1_190' title='bbox 1048 4259 1180 4319; x_wconf 80' lang='lat' dir='ltr'><strong>notente</strong></span> <span class='ocrx_word' id='word_1_191' title='bbox 1197 4252 1333 4320; x_wconf 76' lang='lat' dir='ltr'><strong>Notario</strong></span> <span class='ocrx_word' id='word_1_192' title='bbox 1350 4273 1447 4336; x_wconf 75' lang='lat' dir='ltr'><strong>roga-</strong></span> 
     </span>
     <span class='ocr_line' id='line_1_28' title="bbox 314 4359 1097 4448; baseline 0.001 -24"><span class='ocrx_word' id='word_1_193' title='bbox 314 4368 365 4425; x_wconf 91' lang='lat' dir='ltr'><strong>tus</strong></span> <span class='ocrx_word' id='word_1_194' title='bbox 381 4362 425 4426; x_wconf 81' lang='lat' dir='ltr'><strong>ab</strong></span> <span class='ocrx_word' id='word_1_195' title='bbox 442 4366 578 4444; x_wconf 83' lang='lat' dir='ltr'><strong>utraque</strong></span> <span class='ocrx_word' id='word_1_196' title='bbox 595 4369 689 4446; x_wconf 82' lang='lat' dir='ltr'><strong>porte</strong></span> <span class='ocrx_word' id='word_1_197' title='bbox 704 4360 844 4448; x_wconf 82' lang='lat' dir='ltr'><strong>scriptor</strong></span> <span class='ocrx_word' id='word_1_198' title='bbox 860 4380 931 4427; x_wconf 90' lang='lat' dir='ltr'><strong>snm</strong></span> <span class='ocrx_word' id='word_1_199' title='bbox 947 4366 980 4426; x_wconf 88' lang='lat' dir='ltr'><strong>et</strong></span> <span class='ocrx_word' id='word_1_200' title='bbox 994 4359 1097 4428; x_wconf 89' lang='lat' dir='ltr'><strong>testis.</strong></span> 
     </span>
    </p>
   </div>
   <div class='ocr_carea' id='block_1_7' title="bbox 419 4557 1342 4626">
    <p class='ocr_par' dir='ltr' id='par_1_7' title="bbox 419 4557 1342 4626">
     <span class='ocr_line' id='line_1_29' title="bbox 419 4557 1342 4626; baseline -0.003 -17"><span class='ocrx_word' id='word_1_201' title='bbox 419 4558 554 4626; x_wconf 63' lang='lat' dir='ltr'><strong>(Iajubien</strong></span> <span class='ocrx_word' id='word_1_202' title='bbox 573 4560 697 4612; x_wconf 82' lang='lat' dir='ltr'><strong>Menum.</strong></span> <span class='ocrx_word' id='word_1_203' title='bbox 718 4562 806 4624; x_wconf 75' lang='lat' dir='ltr'><strong>spent</strong></span> <span class='ocrx_word' id='word_1_204' title='bbox 824 4557 890 4609; x_wconf 75' lang='lat' dir='ltr'><strong>hist</strong></span> <span class='ocrx_word' id='word_1_205' title='bbox 911 4557 986 4610; x_wconf 81' lang='lat' dir='ltr'><strong>Slsv.</strong></span> <span class='ocrx_word' id='word_1_206' title='bbox 1005 4558 1105 4610; x_wconf 67' lang='lat' dir='ltr'><strong>Metiri</strong></span> <span class='ocrx_word' id='word_1_207' title='bbox 1124 4558 1148 4609; x_wconf 74' lang='grc' dir='ltr'><strong>Ι,</strong></span> <span class='ocrx_word' id='word_1_208' title='bbox 1168 4558 1227 4611; x_wconf 80' lang='lat' dir='ltr'><strong>kot.</strong></span> <span class='ocrx_word' id='word_1_209' title='bbox 1249 4563 1292 4609; x_wconf 84' lang='lat'><strong>99.</strong></span> <span class='ocrx_word' id='word_1_210' title='bbox 1311 4559 1342 4620; x_wconf 91' lang='lat' dir='ltr'><strong>l.)</strong></span> 
     </span>
    </p>
   </div>
   <div class='ocr_carea' id='block_1_8' title="bbox 0 0 1596 5186">
    <p class='ocr_par' dir='ltr' id='par_1_8' title="bbox 0 0 1596 5186">
     <span class='ocr_line' id='line_1_30' title="bbox 0 0 1596 5186; baseline 0 0"><span class='ocrx_word' id='word_1_211' title='bbox 0 0 1596 5186; x_wconf 95' lang='lat' dir='ltr'><strong> </strong></span> 
     </span>
    </p>
   </div>
   <div class='ocr_carea' id='block_1_9' title="bbox 1589 813 1594 2616">
    <p class='ocr_par' dir='ltr' id='par_1_9' title="bbox 1589 813 1594 2616">
     <span class='ocr_line' id='line_1_31' title="bbox 1589 813 1594 2616; baseline 0 0"><span class='ocrx_word' id='word_1_212' title='bbox 1589 813 1594 2616; x_wconf 95' lang='lat' dir='ltr'><strong> </strong></span> 
     </span>
    </p>
   </div>
  </div>
 </body>
</html>
