3160 5208
586 337 591 344 -
637 293 799 394 en„

143 511 212 579 pro
228 492 413 558 meritorum
430 487 603 576 exigencia
615 489 757 576 singulis
773 509 809 556 se
825 488 923 556 debet
939 489 1033 572 larga
1057 508 1156 562 maun
1182 489 1286 558 liben-

152 607 208 668 ter
223 597 377 666 exhibere
392 622 400 665 ε
416 599 463 663 ita
478 597 602 682 pariter
617 594 661 663 nd
686 595 880 664 collatorum
900 596 1188 664 cousemaeimem
1197 603 1285 665 tene-

149 715 209 774 tur
224 705 456 774 sollicitudinis
472 705 579 774 studio
594 703 745 790 vigilare,
765 711 798 770 et
813 709 849 771 ut
863 721 904 772 ca
918 721 982 790 que
997 703 1138 772 contulit
1165 726 1187 772 a
1217 708 1300 775 suis

146 812 386 898 possideantur
401 809 552 880 fidelibus
568 812 798 880 inconcussam
815 809 862 878 eis
878 811 1021 880 tribuere
1038 810 1136 878 debet
1149 810 1284 880 firmita-

146 926 229 986 tem.
252 919 395 988 Proinde
410 926 478 987 tam
495 919 657 1008 presentis
690 919 787 988 etatis
818 939 915 1003 quarn
947 917 1053 988 future
1084 920 1284 1004 posteritatis

149 1027 275 1096 nodcie
305 1027 511 1111 presencium
540 1028 736 1096 auctoritate
768 1026 920 1095 volumus
951 1025 1020 1094 deri
1051 1025 1282 1096 manifestum:

148 1133 240 1217 qnod
256 1152 329 1201 cum
345 1133 517 1201 recolendo
533 1134 688 1202 memorie
703 1133 897 1200 Homericus
921 1132 1022 1200 frater
1054 1140 1174 1219 noster,
1206 1133 1282 1202 Illu-

147 1242 231 1308 stris
246 1241 315 1309 Rex
331 1238 510 1325 Hungnrie,
527 1241 652 1308 Thome
668 1237 786 1308 comiti
802 1240 837 1306 in
855 1239 1190 1326 recompensacionem
1207 1263 1282 1310 suo-

148 1368 224 1418 rum
240 1346 383 1415 fidelium
399 1347 621 1434 berniciorum,
652 1346 792 1432 quesibi
810 1347 845 1413 in
861 1345 1075 1434 expedicione
1100 1366 1196 1430 quam
1225 1350 1281 1416 ha·

149 1455 226 1522 buit
242 1461 356 1522 contra
370 1453 532 1539 Bnlgaros
548 1473 646 1541 snper
661 1454 795 1522 fluuium
811 1455 956 1522 Morowa
970 1451 1182 1524 landabiliter
1192 1455 1283 1524 exhi·

147 1563 233 1649 buit,
249 1565 368 1630 siluam
384 1560 550 1644 quandam
566 1561 698 1628 nomine
713 1559 861 1648 Keykns‚
892 1581 955 1647 que
970 1562 1049 1631 olim
1076 1559 1280 1648 populorum,

154 1671 216 1756 qui
231 1669 317 1753 wlgo
333 1668 559 1756 Keykusnend
575 1669 736 1756 dicuntur,
752 1671 870 1754 fuerat,
888 1689 946 1756 per
962 1689 1054 1738 suum
1074 1668 1284 1738 conclusisset
1362 1662 1365 1670 ’

149 1774 242 1864 (lgy)
257 1775 478 1861 priuilegium,
511 1775 671 1862 pristaldo
685 1796 745 1842 suo
778 1774 956 1844 Gristoforo
987 1795 1061 1844 rere
1091 1776 1133 1843 dc
1162 1794 1285 1859 genere

149 1885 283 1970 Guplon
298 1884 476 1967 existente3
502 1904 562 1952 nec
577 1905 641 1952 non
658 1903 731 1950 cnm
748 1884 837 1952 dicto
853 1885 958 1952 tratre
988 1891 1098 1952 nostro
1130 1883 1287 1966 decesso;

147 2001 184 2060 et
201 2001 353 2077 suscepto
368 2015 390 2060 a
405 1995 509 2079 uobis,
527 1991 626 2060 dante
642 1991 792 2074 Domino,
824 1992 927 2076 Regni
944 1991 1176 2079 gubernaculo,
1207 2011 1283 2060 eon·

150 2099 302 2168 siderata
316 2099 453 2186 predicti
468 2100 593 2167 Thone
608 2099 741 2168 Comitis
752 2087 912 2167 fidelitate
923 2098 1107 2187 indecidun,
1123 2117 1190 2184 qua
1198 2097 1284 2166 idem

148 2207 349 2274 excellenter
366 2207 476 2293 olauit,
494 2208 612 2275 missus
627 2227 649 2274 a
664 2207 758 2274 uobis
774 2227 834 2292 pro
851 2207 1029 2292 primipulo
1059 2207 1093 2274 in
1124 2205 1283 2274 auxilium

147 2314 256 2397 Regis
274 2313 428 2382 Bohemie
444 2319 558 2382 contra
575 2313 828 2401 Imperatorem:
845 2313 1010 2398 quandam
1028 2313 1144 2383 eduam
1154 2313 1286 2383 nomine

148 2423 307 2508 Fentcus,
322 2441 343 2488 e
359 2419 475 2486 Castro
492 2419 533 2487 dc
549 2419 704 2489 Zothmnr
721 2429 905 2508 exceptam,
922 2440 993 2488 cnm
1010 2425 1097 2488 terra
1121 2421 1200 2491 ville
1232 2441 1285 2490 cn·

149 2527 261 2596 alodis
277 2529 420 2596 ciusdem
437 2528 530 2612 silue,
547 2547 611 2612 que
627 2535 678 2595 est
694 2529 788 2595 iuxta
803 2529 915 2594 villam
927 2527 1070 2596 custodis
1082 2528 1164 2596 nilne
1172 2535 1288 2597 nostre

148 2637 286 2702 nomine
303 2634 439 2720 Ghercp,
457 2655 519 2718 quo
537 2635 639 2702 eciam
656 2637 787 2703 nomine
803 2634 934 2722 prefata
952 2634 1031 2702 villa
1055 2641 1171 2703 nostra
1201 2655 1280 2703 nnn·

150 2747 303 2828 cupatur,
336 2741 536 2828 perfidelem
552 2744 745 2829 pristaldnm
761 2751 907 2812 nostrum
923 2741 1091 2810 Abrabam
1107 2741 1209 2811 tilium
1226 2743 1285 2812 l'c

150 2849 264 2916 ticiani
282 2848 322 2914 de
339 2849 576 2932 Villallathei,
608 2855 639 2916 et
669 2869 729 2936 per
760 2855 904 2918 nostrum
938 2849 1146 2936 priuilegium
1177 2846 1281 2918 cidem

149 2956 273 3023 comiti
302 2957 426 3023 'rhome
458 2962 614 3042 perpetuo
646 2957 876 3043 possidendam
908 2957 983 3025 olim
1015 2955 1284 3040 contulissemns;

150 3064 361 3149 postmodum
378 3063 518 3132 dilectus
534 3071 645 3133 noster
661 3064 896 3151 primogenitus
912 3063 996 3133 Bela
1011 3063 1152 3133 llltmtris
1168 3063 1239 3134 Rex
1248 3050 1283 3130 in

152 3171 360 3238 discussione
377 3181 410 3240 ct
426 3173 640 3242 reuoeaeionc
654 3173 884 3260 perpetuitatis
900 3191 940 3239 ac
955 3171 1116 3260 superflue
1131 3169 1282 3238 donacio·

149 3281 207 3346 nis
225 3287 289 3346 tam
306 3277 525 3366 supradictam
542 3279 661 3350 siluam
692 3281 824 3348 nomine
854 3279 1004 3367 Keykns,
1037 3298 1134 3362 quam
1166 3277 1282 3346 siluam

149 3385 309 3467 Fentens,
327 3394 359 3452 et
375 3394 494 3454 terram
512 3387 655 3456 custodis
673 3388 818 3457 eiusdem
834 3387 957 3455 silnea
981 3386 1132 3454 fidelibus
1158 3386 1281 3456 nostris

9 3508 15 3517 ·
150 3493 260 3564 Sebns
276 3501 308 3561 et
323 3493 510 3562 Alexandro
527 3493 703 3563 comitibus
735 3496 809 3582 dlijs
840 3495 960 3582 prefati
989 3494 1114 3562 Thome
1146 3490 1286 3562 Comitis

150 3601 300 3682 abstulit,
316 3601 490 3689 priuilegia
504 3623 601 3690 snper
616 3602 697 3690 ipen
714 3601 862 3672 coniecta
872 3600 1091 3686 infringendo.
1103 3601 1171 3670 Noe
1186 3600 1285 3686 igitur

151 3707 533 3804 predictorum-fidelium
565 3717 746 3780 nostrornm
775 3711 891 3778 merita
921 3711 1071 3778 nolentes
1100 3709 1285 3796 relinquere

150 3818 401 3903 irremunerata,
419 3817 565 3904 prefatae
581 3819 685 3886 siluas
701 3817 839 3904 Kcykus
872 3824 905 3886 ct
937 3818 1071 3903 Fcntns,
1102 3823 1134 3884 et
1165 3825 1285 3886 terram

151 3923 233 3992 ville
249 3924 392 3992 custodis
409 3925 553 3994 eiusdem
571 3927 656 3994 silue
672 3945 730 4013 per
754 3924 884 3994 fidelem
913 3925 1110 4012 pristaldum
1140 3932 1285 3994 nostrum

12 4094 19 4114 ,
153 4033 245 4100 liunt
261 4029 421 4100 Comitem
437 4032 536 4102 filium
553 4034 680 4102 Alberti
697 4033 827 4102 circuiri
843 4031 1010 4117 iacientes,
1028 4031 1213 4098 memoratis
1227 4029 1284 4099 Se·

153 4141 215 4210 bns
231 4147 265 4207 et
279 4139 470 4210 Alexandro
486 4140 664 4211 comitibus
679 4141 874 4210 anctoritate
900 4137 1006 4227 Regia
1036 4139 1207 4206 restituere
1236 4140 1286 4206 di·

2 4277 13 4295 e
152 4269 255 4335 gnum
273 4249 437 4316 duximus.
457 4249 569 4318 Prima
585 4249 684 4336 igitur
699 4255 787 4317 meta
812 4249 896 4318 silue
927 4246 1075 4334 Keykus,
1107 4247 1284 4315 secundnm

147 4356 373 4426 assercionem
388 4357 607 4444 prenominati
623 4357 777 4444 pristaldi
793 4356 891 4440 liunt,
911 4354 1026 4442 incipit
1042 4372 1064 4422 a
1079 4355 1284 4440 parteorien·

150 4465 210 4534 tali
230 4485 249 4532 a
266 4470 387 4553 monte,
402 4465 460 4551 qni
478 4464 734 4536 (luthouchcnsa
750 4466 880 4551 dicitur,
897 4471 930 4533 et
945 4462 1039 4532 vadit
1055 4481 1111 4547 per
1127 4461 1224 4530 berch
1242 4462 1284 4528 ad

155 4573 291 4660 plagam
308 4573 602 4660 septemtrionalem
618 4574 651 4644 in
668 4583 768 4660 capnt
783 4573 978 4661 Marenem,
993 4572 1039 4641 iti
1054 4575 1143 4640 tenet
1165 4577 1286 4639 metam
