3228 5198
14 1259 17 1330 ὲ,
103 1247 333 1314 securiorem
349 1249 460 1332 kirctp
476 1245 799 1334 Mapyurorszciqbuc
824 1273 845 1312 u
871 1249 1008 1315 occaect
1031 1247 1245 1332 seabadsdqd·

14 1349 16 1402 ἶ
420 1357 486 1422 nuk
501 1358 676 1442 alapitdja.
709 1352 939 1421 1000-1038.

221 1553 292 1620 Nos
307 1550 491 1636 Stephanus
506 1552 548 1618 dc
564 1550 713 1637 Zopolya
730 1548 844 1617 Comes
861 1549 1037 1636 Perpetuus
1054 1549 1155 1619 'Perre
1171 1551 1245 1620 See·
1297 1501 1300 1507 Ι
1425 1593 1427 1600 1

111 1659 290 1744 pusionem,
305 1661 410 1744 Regni
437 1658 605 1742 Hungorie
629 1657 799 1724 Palatinus
826 1663 857 1724 et
887 1657 996 1725 Jnderr
1027 1657 1244 1726 Cumanorum

14 1817 16 1846 s
111 1769 186 1850 sto,
207 1765 385 1849 quodcum
402 1763 537 1831 infesto
553 1765 729 1831 Beatorum
745 1762 884 1830 Fabiani
901 1770 932 1828 et
949 1763 1134 1831 Sebastiuni
1163 1781 1247 1829 mar-

112 1875 213 1942 tirum
229 1894 315 1942 anno
346 1873 481 1941 Domini
506 1872 682 1939 millesimo
707 1871 1003 1955 quadrigentesimo
1030 1871 1242 1954 nonagesimo

14 1977 16 2040 ἓ
111 1981 228 2064 quinto
245 1981 400 2067 preterito
425 1979 657 2046 Serenissimus
683 1978 841 2064 Princeps
866 1976 1017 2044 dominus
1042 1975 1244 2044 Wladisleus

14 2059 17 2186 ζ
114 2089 182 2155 Rex
199 2087 384 2174 Hungerie‚
399 2086 630 2154 Bohemieetc.
663 2084 812 2152 dominus
837 2089 948 2152 noster
973 2083 1244 2166 graciosissimus

115 2201 255 2279 acceptu
271 2193 518 2280 supplicacione
534 2189 717 2261 Reuerendi
734 2194 768 2257 in
784 2191 911 2258 Christo
927 2193 1028 2276 putris
1044 2189 1244 2258 dominiAn-

14 2331 16 2358 =
115 2301 219 2386 tironij
237 2301 390 2388 Episcopi
406 2301 591 2385 Nitriensis,
608 2319 666 2386 per
683 2300 820 2367 eundem
837 2299 1077 2366 SucMeiestuti
1093 2309 1245 2385 porrecta

115 2412 146 2474 iu
162 2429 216 2495 eo,
233 2415 268 2472 vt
284 2409 435 2489 quemuis
451 2408 538 2473 diota
570 2407 719 2474 Ecclesia
749 2424 812 2473 sua
843 2406 1017 2474 Nitriensis
1049 2405 1242 2490 quibusdam
1326 2407 1328 2410 ’

104 2503 200 2581 'rudo
220 2521 253 2579 et
269 2515 387 2580 telonio
404 2515 436 2579 in
454 2513 660 2598 possessione
677 2533 737 2579 sue
769 2510 979 2598 Sythwetheo
1011 2514 1181 2598 appellata
1212 2518 1245 2578 in

116 2623 281 2690 comitatu
299 2619 552 2688 comaromiensi
568 2620 657 2703 exigi
673 2619 768 2686 solito
785 2640 843 2704 per
860 2619 955 2686 diuos
986 2619 1091 2704 Reges
1122 2617 1244 2704 dotato,

117 2731 239 2797 coliata
255 2736 287 2796 et
304 2727 452 2796 dedicata
468 2727 575 2812 fuerit,
594 2748 770 2813 omnesque
786 2728 959 2812 institores,
975 2739 1170 2796 mercatores
1196 2749 1246 2798 oe-

14 2861 16 2880 *
117 2838 243 2922 terique
258 2838 401 2903 meteres
419 2857 477 2920 per
494 2837 569 2904 loca
583 2835 768 2904 huiusmodi
785 2835 859 2902 vadi
876 2844 908 2902 et
918 2835 1030 2920 telonij
1043 2837 1245 2928 proficiscen-

14 2975 16 3012 ι
107 2953 163 3012 Δῑεε
179 2946 254 3013 sine
279 2945 365 3010 omni
379 2944 559 3010 renitencia
575 2963 634 3029 per
650 2945 751 3011 muita
766 2944 876 3011 seculo
892 2943 1027 3010 naulum
1044 2951 1076 3011 et
1092 2945 1246 3011 tributum

119 3054 224 3120 eidem
240 3051 387 3126 Ecclesie
402 3051 616 3136 persoluerint
633 3076 640 3116 :
658 3059 767 3118 tamen
784 3071 868 3118 nnnc
899 3052 1124 3135 circumspecti
1156 3052 1246 3119 Judi·

117 3179 183 3247 ces,
197 3160 317 3242 Jurati‚
334 3158 495 3240 ceterique
512 3158 607 3225 Oiues
639 3157 814 3226 ciuitatum
840 3156 1007 3240 Budensis,
1032 3158 1245 3244 Pesthiensis,

14 3337 15 3342 ,
118 3267 282 3350 Athensis,
297 3265 541 3348 Strigoniensis
560 3265 849 3352 vissegradensis,
860 3266 1083 3350 Posonienses,
1094 3263 1245 3332 Comaro-

118 3373 263 3458 niensis,
279 3375 354 3439 item
370 3371 514 3440 uniuersi
531 3373 645 3458 populi
662 3371 703 3441 dc
734 3371 958 3459 Superioribus
989 3369 1116 3455 Calidis¹
1143 3373 1246 3456 Aquis

14 3503 22 3534 e
117 3479 333 3565 Budensibus,
350 3478 527 3562 allegando
553 3477 715 3564 quasdem
741 3479 970 3564 exempciones
1002 3487 1034 3544 et
1066 3480 1242 3564 priuilegia

14 3591 15 3600 ’
118 3595 231 3655 contra
247 3592 278 3654 et
295 3586 453 3653 aduersus
469 3586 631 3671 premissa
646 3587 784 3668 entique
798 3587 872 3671 jure
889 3592 920 3652 et
952 3585 1129 3672 priuilegio
1160 3587 1246 3654 eius·

14 3747 16 3758 ,
120 3694 190 3760 dem
207 3693 357 3760 Ecclesie
373 3691 546 3780 Nitriensis
562 3693 692 3781 habere,
708 3693 891 3779 prescripto
907 3691 1029 3761 tribute
1045 3695 1087 3759 ab
1112 3695 1246 3776 antiquo

14 3799 37 3884 γ’
121 3803 206 3887 exigi
221 3795 318 3866 solita
335 3798 485 3866 euoluere
500 3808 689 3867 recusarent
705 3807 737 3869 et
752 3821 817 3868 non
835 3799 969 3886 vellent,
999 3799 1086 3884 quod
1118 3799 1247 3868 cederet

14 3885 17 3930 ³
119 3911 150 3975 in
166 3909 324 3974 damnum
342 3905 546 3974 etiniuriam
577 3907 679 3994 ipsius
712 3908 860 3976 Ecclesie
891 3905 1111 3975 manifestem.
1151 3906 1245 3984 Quod

14 4007 16 4024 '
118 4018 193 4083 item
210 4012 361 4082 dominus
380 4022 490 4082 noster
505 4016 576 4083 Rex
592 4016 747 4101 predictis
764 4016 890 4083 ciuibus
917 4025 949 4082 et
978 4014 1095 4081 incolis
1128 4014 1247 4081 Ciuita-

14 4117 15 4122 ’
117 4134 183 4191 tum
198 4121 420 4209 predictarum
437 4120 630 4190 litteratorie
646 4123 833 4190 mandasset
849 4128 881 4191 et
896 4122 1032 4205 seriose,
1057 4127 1092 4186 vt
1118 4121 1181 4206 ipsi
1213 4121 1247 4188 in

119 4229 187 4299 loeo
204 4231 376 4296 memorati
392 4229 508 4314 telonij
537 4229 600 4314 ipsi
631 4231 776 4299 Ecclesie
806 4231 965 4300 Nitriensi
996 4227 1247 4311 hominibusque

119 4336 243 4404 suissed
260 4333 664 4424 eorundemeuoceionem
683 4340 850 4425 deputatis
867 4339 985 4407 iustum
1003 4346 1034 4406 et
1051 4356 1163 4405 verum
1191 4337 1246 4402 tri·

121 4445 229 4512 butum
247 4442 401 4510 derebus
419 4450 451 4510 et
466 4445 661 4530 mercuncijs
679 4447 747 4513 suis
763 4447 835 4513 sine
851 4446 937 4514 omni
953 4465 1086 4514 recurso
1109 4451 1142 4513 et
1166 4446 1249 4510 roni-

119 4549 222 4616 teneia
238 4548 367 4616 soluere
382 4556 414 4616 et
428 4547 566 4620 reddere
582 4551 737 4621 deberent
752 4562 785 4620 et
802 4559 1008 4635 tenerentur;
1026 4551 1177 4637 alioquin
1194 4572 1249 4619 vo·

115 4655 229 4725 inisset
245 4653 332 4724 idem
348 4653 499 4724 dominus
516 4666 625 4727 noster
640 4661 718 4746 Rex,
737 4667 768 4728 et
785 4657 933 4727 fidelileti
950 4645 1111 4728 dictorum
1124 4658 1244 4727 oinium
