3116 5186
563 285 643 362 eui

530 381 691 394 ,ιιι-ι--ιαιί

70 479 260 558 Venerabilis
275 487 502 557 insternentes
517 439 745 558 Granouisusis
761 488 941 575 Episcopus
959 489 1052 560 uubis
1077 509 1175 586 expo·

7 609 9 616 ’
70 596 126 664 suit
149 598 377 685 conquerendo,
403 597 491 681 quod
515 598 702 686 Propositus
728 597 874 667 Eoelesie
898 599 1014 667 saneti
1039 580 1172 667 Martini

69 703 294 792 strigoniensis,
328 706 518 789 etquidem
544 705 602 792 slij
635 705 875 792 Strigoniousis
900 704 1047 775 Diooesis
1079 727 1177 793 super
1300 711 1306 722 ’

68 812 197 882 soleis
210 812 329 884 saneto
346 815 456 900 llario,
472 820 506 882 st
519 814 716 900 quidusdam
733 815 985 902 alijs‘Eoelesijs
1001 813 1045 882 ad
1061 815 1174 884 Eeole·

7 937 8 942 ’
67 923 137 990 sisu
150 942 239 992 suam
255 922 355 1007 pleno
370 922 441 991 iure
457 923 680 1009 speotsueitus
698 922 833 994 deoimis
850 931 883 991 ei
898 924 995 992 robus
1011 923 1087 1010 aiijs
1097 921 1177 989 iuiu-

69 1027 177 1096 rinutnr
190 1028 308 1098 eidem.
332 1030 473 1116 Ideoque
488 1030 680 1100 diseretioui
694 1037 803 1100 uestre
819 1049 877 1118 per
891 1031 1081 1118 Apostoiioa
1096 1031 1174 1098 sori·

7 1215 9 1228 ,
68 1143 115 1221 pia
127 1135 324 1222 mandemus,
340 1143 502 1222 quatenus
519 1138 666 1225 partibus
677 1138 866 1206 eouuooatis
876 1137 1020 1207 audietis
1030 1155 1173 1226 oausam,

7 1233 9 1318 ξ
68 1249 95 1310 et
121 1245 340 1331 appellatione
371 1253 497 1316 remota
527 1247 591 1314 fine
621 1246 731 1316 debito
761 1245 959 1330 terminetis;
1006 1246 1175 1333 iacientes,

7 1367 12 1436 ῑ
67 1350 140 1434 qnod
153 1350 360 1420 &ueneritis
377 1372 622 1440 percensuram
640 1354 892 1424 ecelesiastioauu
909 1355 1043 1423 firmiter
1067 1355 1176 1423 obser-

7 1453 8 1458 ’
67 1459 135 1527 unni.
156 1461 268 1530 Testes
285 1467 410 1550 autem,
442 1463 497 1548 qui
514 1461 637 1530 suerint
651 1463 769 1550 uocati,
785 1463 815 1530 si
830 1483 866 1531 se
883 1463 1001 1549 gratia,
1032 1461 1109 1530 odio
1124 1463 1176 1530 uel

67 1567 166 1636 timore
180 1571 412 1658 subtraxerint,
429 1589 488 1658 per
504 1591 674 1640 oeusuram
691 1571 828 1640 eandem
860 1571 1081 1658 appellatione
1111 1589 1178 1640 ees·

67 1681 149 1745 saule
169 1677 297 1763 oogstis
328 1679 464 1746 ueritati
494 1671 711 1748 testimouiuu's
743 1678 921 1766 perhibere.
960 1677 1084 1757 Quodsi
1114 1697 1178 1745 uou

66 1804 163 1852 omues
178 1785 238 1872 hys
254 1785 457 1871 exequendis
475 1789 645 1872 potueritis
672 1789 835 1868 interesse,
867 1787 931 1855 duo
962 1793 1108 1855 uestrum
1138 1805 1179 1854 ea

66 1891 255 1962 nihilomiuus
273 1901 487 1978 exequantur.
510 1895 629 1961 Datum
647 1894 774 1979 Perusij
803 1894 873 1962 Vll
911 1891 988 1961 Idus
1019 1891 1179 1978 lanuarij,

17 2028 22 2039 ·
67 1999 259 2071 Pontificatus
275 2002 380 2072 nostri
396 2023 483 2071 anuo
499 2011 626 2072 ootauo.

67 2197 190 2260 (Eredetie
202 2201 383 2268 borhanyan
396 2199 481 2267 pdpsi
496 2200 650 2280 dlombulls
663 2203 743 2266 alate,
763 2201 913 2254 akrsiukdi
936 2202 1071 2268 heptaleu
1096 2201 1179 2256 level·

548 2292 688 2356 terebant.)

486 2583 753 2596 -n———D--na-

586 3125 660 3214 186,

69 3334 170 3404 lisele
184 3339 441 3426 orszdpbirdnsle
457 3357 516 3425 epy
531 3330 652 3422 eiseoyd
668 3327 807 3401 Jsselen
821 3335 888 3400 leoli
895 3331 1005 3422 foldet
1032 3303 1188 3428 tcirpyee‘d

69 3444 229 3514 itlldleoele
245 3471 270 3515 a
286 3447 430 3514 azoluoki
445 3441 683 3532 onisjobbrlpyole
700 3441 908 3530 espolqeioole,
925 3463 989 3509 eae
1000 3438 1187 3528 antespasti

457 3555 578 3641 spylnde
592 3553 672 3618 keo.
691 3550 787 3617 1234.

165 3753 234 3822 Nos
250 3751 429 3822 Ladisisns
445 3751 552 3820 Judex
568 3750 653 3817 Aule
669 3747 768 3830 Regio
784 3755 816 3814 et
847 3745 962 3816 Comes
993 3741 1187 3816 Baehieusis

73 3861 282 3942 significamus
298 3861 449 3929 omuibus
465 3865 530 3927 taur
556 3857 764 3946 presentibus
796 3875 892 3939 quam
924 3855 1039 3923 suturis
1071 3851 1188 3941 quibus

71 3977 225 4049 presentes
242 3969 352 4037 littere
369 3977 501 4038 ostense
516 3965 637 4034 inerint
653 3991 661 4032 ε
678 3961 762 4050 quod
778 3983 849 4030 oum
861 3961 1058 4048 jobogiones
1083 3959 1188 4030 Oestri

71 4071 106 4140 de
122 4075 228 4144 Zouuw
244 4081 383 4146 unaoum
400 4077 527 4145 ciuibus
544 4073 690 4143 eiusdem
708 4073 812 4140 (lustri
829 4079 948 4140 terram
964 4071 1062 4138 unius
1089 4069 1188 4137 aratri

73 4179 103 4246 iu
119 4182 195 4251 uilis
209 4183 305 4253 Yueu
321 4185 364 4253 ab
380 4183 527 4252 Eoolesia
543 4179 759 4265 strigoniensi
786 4179 827 4247 de
858 4177 978 4246 Sancto
1008 4173 1187 4244 Adalberto

77 4308 175 4359 eorum
188 4293 283 4362 uobis
298 4296 518 4380 requirerent;
534 4289 664 4376 quidam
682 4289 866 4357 Canonious
883 4284 1073 4354 Ambrosius
1090 4284 1190 4352 nomi·

10 4423 12 4452 ι
75 4415 121 4484 ue,
134 4407 165 4470 et
178 4403 269 4470 Feud
285 4401 509 4471 ministerialis
526 4399 669 4469 eiusdem
686 4399 831 4466 Ecclesie
846 4418 865 4464 e
880 4395 1043 4465 contrario
1058 4414 1189 4480 respou-

75 4501 180 4574 derunt
195 4487 341 4578 dieentes
362 4540 368 4575 :
387 4530 459 4578 eam
475 4515 594 4578 terram
612 4527 652 4576 ex
666 4511 812 4592 tempore
829 4505 963 4592 antiquo
979 4505 1064 4573 diote
1080 4503 1191 4572 Euole-

77 4611 118 4685 tie
131 4633 259 4708 semper
275 4617 385 4710 inisse,
402 4617 461 4687 sub
477 4635 561 4708 paee
577 4624 609 4684 et
625 4617 744 4706 quiete,
771 4615 894 4704 ubsque
929 4612 1190 4686 ontrodieo'noue
