3184 5186
813 1017 890 1088 stt.

418 1219 446 1284 A
464 1220 571 1308 nuptui
588 1222 620 1287 ts
634 1223 750 1286 oster-oi
764 1219 882 1306 prefok
897 1219 979 1288 tosti
994 1219 1165 1286 totototo.
1192 1217 1288 1284 1260.

393 1416 432 1482 Iu
479 1415 598 1483 Christi
636 1418 766 1484 nomine
802 1415 916 1484 Amen.
974 1415 1068 1484 Anno
1105 1416 1147 1480 ab
1186 1415 1418 1482 Inoamatione

286 1523 416 1590 Domini
454 1525 556 1591 nostri
593 1525 672 1592 Jesn
713 1523 831 1592 Christi
870 1523 1041 1591 millesimo
1073 1521 1292 1590 ducentesimo
1319 1542 1417 1589 sexa·

286 1633 417 1717 gesimo,
456 1630 634 1698 indietions
675 1638 799 1718 quarta,
832 1631 953 1701 mensis
984 1631 1112 1716 Aprilis.
1153 1629 1239 1709 Quia
1279 1630 1416 1714 dignum

286 1739 354 1806 tore
393 1738 610 1825 dignoscitur,
660 1748 712 1824 ut,
763 1761 825 1825 que
872 1740 915 1806 ad
964 1738 1150 1805 memoriam
1199 1759 1257 1823 per
1305 1737 1418 1804 futura

284 1853 431 1931 tempora
469 1857 708 1937 construuntur,
757 1871 798 1916 no
835 1847 993 1916 oblivioni
1031 1847 1212 1932 tradantur,
1253 1847 1417 1932 seripture

287 1955 417 2022 vinonio
448 1953 589 2024 debeant
627 1949 787 2042 adnotari,
829 1957 967 2042 ideoque
1016 1976 1073 2023 nos
1111 1953 1281 2022 Rainerins
1322 1952 1417 2021 Ceno

288 2065 349 2130 Dei
389 2068 496 2147 gratia
536 2065 760 2146 Veneoisrum,
800 2067 970 2133 Daimaoie
1009 2072 1107 2147 atque
1147 2061 1305 2129 Chroaoie
1329 2063 1417 2144 Dux,

286 2175 446 2241 Dominus
476 2174 598 2252 Quarte
630 2172 735 2240 Partis
760 2178 792 2240 et
807 2173 951 2240 Dimidio
977 2173 1080 2239 tooius
1098 2172 1231 2257 Imperii
1249 2172 1410 2237 Romania

286 2301 358 2346 oum
374 2287 485 2349 nostro
502 2282 646 2350 Consilio
662 2292 773 2349 notum
801 2281 938 2350 iaoimus
971 2280 1129 2347 universis
1160 2279 1363 2364 presentibus
1379 2285 1414 2344 et

286 2387 401 2454 futuris
418 2412 426 2453 ε
444 2389 528 2471 quod
561 2410 633 2456 oum
665 2388 749 2456 inter
774 2389 913 2456 nobilem
930 2391 1035 2456 virum
1050 2388 1232 2454 iohannem
1249 2385 1408 2472 neupolo,

286 2495 385 2560 filium
402 2496 484 2563 bone
501 2497 654 2564 memorie
670 2495 791 2563 domini
808 2497 924 2564 Jaoobi
940 2496 1086 2581 Teupolo
1119 2494 1221 2561 Duois
1252 2495 1409 2561 Veneeia·

285 2624 355 2669 rum
386 2604 500 2690 inoliti,
533 2604 686 2672 Comitem
719 2605 946 2690 Abserensem,
979 2625 1036 2689 pro
1052 2625 1087 2670 se
1104 2608 1136 2668 et
1151 2602 1337 2670 hominibus
1353 2604 1404 2670 sui

287 2713 464 2778 Comitatus
497 2713 690 2780 Abserensis
718 2722 750 2780 et
766 2711 878 2780 Chersi
910 2733 950 2780 ex
983 2731 1046 2778 una
1078 2718 1180 2798 parte,
1212 2732 1250 2778 ao
1280 2711 1410 2778 nobiles

286 2817 372 2886 viros
387 2821 605 2906 Frederioum,
620 2822 881 2889 Bartholomeum
899 2830 931 2890 et
947 2819 1129 2888 (inidonem
1148 2818 1288 2888 Comites
1305 2821 1411 2904 Vegie

286 2947 395 3011 prose
412 2939 568 2997 eteorum
595 2929 766 2998 heredibus
784 2938 816 2997 et
832 2929 1015 2998 hominibus
1046 2926 1224 2996 Comitatus
1252 2930 1357 3013 Vegle
1375 2936 1409 2996 et

285 3035 449 3122 Vinadoli,
481 3059 519 3104 ao
549 3039 627 3106 aliis
657 3038 795 3106 aliarum
828 3045 984 3106 terrerum
1015 3037 1096 3121 ipsis
1128 3034 1306 3102 (inmitibus
1331 3039 1407 3104 snb·

285 3143 388 3232 ieotis,
414 3145 524 3215 fideles
548 3155 673 3216 nostros
706 3148 852 3234 dileotos,
884 3146 926 3212 de
957 3145 1148 3231 quibusdam
1181 3145 1409 3211 intervenisset

287 3256 461 3343 eontentio,
492 3255 625 3322 tandem
641 3257 683 3324 ad
699 3264 828 3343 paetum
846 3263 878 3324 et
893 3253 1099 3322 oonoordiam
1118 3261 1335 3338 pervenerunt
1351 3256 1408 3321 ad-

284 3361 422 3428 invicem
455 3363 549 3431 modo
580 3371 612 3429 et
642 3365 758 3448 formo¹
779 3365 913 3431 inferius
930 3362 1171 3449 comprehensa.
1188 3360 1409 3449 Remiserunt,

285 3468 412 3551 quidem
444 3471 544 3538 libere
574 3477 607 3539 et
636 3473 784 3540 absolute
811 3470 946 3556 predioti
967 3469 1109 3538 Comites
1126 3467 1229 3552 Vegle
1246 3489 1306 3553 pro
1323 3489 1359 3536 se
1377 3478 1409 3537 et

286 3576 469 3644 hominibus
487 3579 644 3646 dictarum
662 3587 821 3647 terrarum
848 3579 910 3648 sibi
936 3578 1088 3646 subiectis
1114 3579 1223 3643 omnia
1255 3576 1412 3665 dampna,

288 3685 433 3773 iniurias,
449 3687 672 3756 uiolenoiaset
684 3687 887 3772 offensiones,
905 3707 987 3772 quas
1004 3684 1155 3752 iecissent
1172 3683 1250 3751 olim
1268 3683 1411 3753 Comites

285 3813 325 3859 ao
339 3793 486 3862 homines
503 3796 681 3864 Comitatus
698 3796 890 3863 Abserensis
907 3817 946 3863 ao
962 3795 1064 3862 tooius
1086 3793 1196 3860 insule
1213 3794 1411 3862 Abserensis

287 3902 435 3986 personis
451 3909 483 3968 et
497 3904 575 3971 loeis
593 3905 770 3972 Comitatus
788 3904 890 3988 Vegle
908 3911 941 3971 et
956 3902 1115 3984 Vinadoli,
1132 3922 1171 3967 ao
1187 3901 1292 3968 eoiam
1308 3901 1412 3970 homi-

285 4009 380 4076 nibus
410 4031 465 4078 seu
499 4012 643 4095 personis
676 4019 708 4079 et
733 4012 816 4079 ioois
837 4013 998 4078 diotarum
1015 4016 1170 4076 terrarum
1189 4008 1408 4095 predictorum

284 4116 423 4183 tiliorum
454 4119 589 4186 Comitis
607 4117 779 4207 Guidonis,
798 4128 830 4185 et
846 4119 1046 4205 quibuslibet
1062 4117 1139 4182 aiiis
1153 4117 1303 4202 personis
1320 4119 1410 4204 ipsa·

284 4246 353 4292 rum
370 4233 527 4294 terrarum
545 4226 696 4294 subieotis
713 4226 835 4294 eisdem
852 4234 917 4293 tam
935 4229 968 4292 in
985 4227 1132 4312 personis
1148 4245 1245 4307 quem
1264 4226 1299 4290 in
1310 4229 1412 4294 robus

286 4354 387 4417 usqne
418 4335 462 4400 ad
493 4339 678 4420 presentem
712 4333 808 4421 diem,
840 4335 936 4401 finem
970 4341 1002 4401 et
1033 4333 1254 4400 remissionem
1271 4333 1415 4420 deipsis

285 4439 434 4524 dampnis
451 4448 484 4506 et
499 4441 625 4507 iniuriis
641 4461 681 4507 ao
706 4441 936 4512 offensionibus
965 4441 1108 4510 totaliter
1141 4440 1317 4519 facientes,
1343 4447 1414 4508 ete

285 4567 440 4614 converso
480 4545 584 4614 dietus
622 4548 741 4616 nobilis
779 4550 946 4617 Johannes
985 4550 1130 4635 Tenpolo
1163 4548 1279 4614 Comes
1310 4547 1414 4616 Abse-

283 4655 386 4731 tensis
417 4675 476 4744 pro
508 4675 544 4724 se
575 4664 607 4722 et
638 4655 818 4724 hominibus
849 4659 953 4728 tooius
996 4657 1107 4727 Insnle
1142 4656 1336 4724 Abserensis
1377 4662 1413 4727 et
