3116 5178
378 545 441 614 -de
459 545 570 632 predio
586 549 652 634 Sap
670 551 810 632 nominc,
829 571 890 632 <pm
906 571 967 615 sun
983 557 1063 621 cnut.
1089 561 1121 615 ct
1138 559 1236 618 tolum
1255 553 1409 639 predium,
1432 553 1503 634 quod

398 659 534 720 uocatur
550 655 704 744 Berchee,
721 659 807 739 quod
824 657 894 742 ipse
910 658 1109 742 possidebat,
1126 680 1189 743 qne
1204 681 1264 726 sna
1289 669 1365 726 sunt
1389 661 1420 726 in
1440 661 1504 727 sni-

387 763 549 846 .goniensi
565 763 738 831 comitato.
777 765 819 830 Et
835 767 989 849 quonlam
1007 767 1122 833 ultima
1137 767 1252 852 quinta
1268 775 1301 833 et
1326 775 1427 835 totum
1447 789 1502 853 pre·

399 870 485 939 dium
503 873 616 956 primis
643 869 769 939 duabus
801 874 923 956 quintis
954 895 1019 940 non
1052 875 1296 964 eqniualebant,
1331 877 1401 961 ipse
1428 875 1506 941 liano

399 979 516 1044 Comes
533 988 605 1046 octo
621 999 750 1047 mancus
767 980 808 1046 dc
823 989 960 1066 argento
978 982 1215 1068 superaddidit,
1233 1002 1315 1068 quas
1332 983 1405 1069 ipse
1418 983 1505 1050 Jobse

381 1105 509 1153 ‘coram
527 1089 623 1154 nobis
638 1087 805 1156 confessus
822 1095 870 1155 est
885 1089 1059 1172 recepisse.
1074 1091 1110 1158 si
1127 1109 1206 1156 uero
1222 1089 1415 1158 Knarterius
1428 1091 1508 1158 frater

398 1192 502 1277 ipsius
517 1195 615 1262 Nona
632 1193 766 1264 Comitis
783 1195 962 1282 predictum
977 1197 1041 1263 Job
1058 1198 1110 1264 nel
1126 1199 1195 1266 eins
1222 1197 1361 1266 heredes
1384 1199 1506 1285 predicto

397 1319 495 1386 super
511 1304 702 1371 concambio
717 1313 916 1390 presumeret
931 1305 1109 1390 aliqnando
1126 1305 1314 1392 molestare,
1341 1307 1411 1392 ipsc
1429 1307 1507 1374 Nona

397 1407 513 1473 Comes
530 1415 678 1478 teneatur
694 1410 824 1501 eosdem
841 1407 1005 1478 liberare.¹
1031 1410 1123 1488 Quod
1141 1422 1175 1478 nt
1202 1423 1308 1480 ratum
1342 1423 1376 1480 et
1403 1415 1507 1480 firmum

397 1522 597 1601 permaneat,
608 1515 649 1584 ad
666 1519 769 1603 partis
786 1517 949 1602 utriusque
966 1539 1095 1606 precum
1114 1521 1308 1589 instanciam
1325 1521 1448 1588 litteras
1454 1540 1509 1608 pre

398 1631 508 1690 sentes
525 1629 628 1691 nostri
645 1625 855 1710 opposicione
872 1625 974 1708 sigilli
989 1627 1161 1694 roboratas
1185 1629 1251 1712 ipsi
1283 1631 1383 1696 Nana
1412 1627 1508 1694 Conciti

398 1732 593 1799 contulimus
627 1731 756 1800 modum
789 1734 979 1818 supradicte
1011 1736 1279 1803 commutacionis
1311 1740 1507 1820 continentes,

397 1860 484 1908 anno
499 1839 629 1907 Domini
646 1841 824 1908 M⁰CO⁰XL
832 1841 940 1908 ⁰v111⁰
957 1863 1067 1910 mense
1082 1844 1218 1912 Marcio.
1257 1845 1417 1913 ankone
1440 1846 1506 1911 om·

400 1955 478 2033 tore,
496 1947 667 2016 Theodoro
684 1948 835 2036 Custode,
851 1949 1032 2018 Arnoldino
1049 1952 1192 2036 Decano,
1219 1954 1402 2038 ceterisque
1417 1973 1507 2035 qnan-

398 2058 546 2142 pluribus
561 2055 680 2122 ibidem
698 2057 923 2124 existentibus.
934 2057 1054 2124 Datum
1071 2077 1130 2142 per
1146 2079 1262 2126 manus
1278 2061 1369 2128 Petri
1380 2057 1507 2144 Magistri

399 2166 544 2232 Lcctoris
564 2165 933 2252 Quinqueccnleslensis.

380 2361 541 2422 lOEnedetie
561 2365 746 2431 borhantyan,
766 2363 937 2430 kdadnsdges
955 2365 1193 2416 kenderzsindron
1212 2365 1300 2434 fliggll
1322 2365 1416 2430 pecsdt
1433 2364 1508 2418 alattt

686 2468 703 2502 a
722 2453 808 2504 budsi
827 2455 879 2504 kin.
901 2455 1029 2506 kamarai
1050 2453 1244 2517 levtlttrnan.)

826 2741 1097 2753 0———-—-——-

925 3271 1003 3340 att.
1550 3293 1555 3416 ἱι

397 3476 428 3538 Α
441 3476 598 3560 pozcocpi
612 3472 836 3558 kdplnloanait
853 3470 1133 3556 bizonpan'plencie,
1149 3477 1233 3557 topy
1250 3472 1393 3537 Kaminoi
1408 3469 1507 3549 Remo
1552 3421 1555 3568 Ξ

381 3581 701 3646 -unokateatodreioel
731 3580 878 3662 dizonyoa
903 3575 1170 3663 binlolnoaztdlpra
1200 3579 1293 3642 adaco
1325 3574 1507 3663 epyezdedclt
1553 3569 1555 3662 ξ

660 3683 662 3688 ’
910 3686 1009 3753 1249.
1552 3703 1555 3760 l

673 3881 702 3944 A
811 3877 838 3942 Β
947 3877 972 3945 (l
1082 3877 1112 3943 D
1220 3877 1248 3942 E
1553 3939 1555 3946 ,

503 3985 688 4070 Capitulum
707 3987 852 4058 Ecclesia
868 3985 1076 4052 Posonicnsis
1094 3984 1242 4053 omnibns
1258 3987 1301 4052 ad
1317 4007 1397 4071 qnos
1413 3985 1505 4052 littere
1553 3979 1555 4060 Ξ

396 4105 560 4181 presentes
577 4094 784 4178 peruenerint
800 4095 938 4160 salutem
953 4094 986 4158 in
1003 4094 1150 4161 Domino.
1174 4095 1402 4177 Significamns
1417 4093 1506 4172 nobis,
1523 4159 1526 4162 .
1553 4085 1555 4134 ³

396 4202 483 4287 quod
499 4201 694 4270 constitutus
711 4221 821 4269 coram
837 4202 930 4268 nobis
946 4203 1067 4285 Rcmeg
1082 4202 1123 4268 de
1138 4202 1263 4269 Kanisa
1279 4202 1402 4270 familia
1420 4199 1506 4282 Regis
1553 4201 1555 4280 g

394 4311 438 4377 ab
456 4331 521 4376 nna
537 4318 638 4395 palte,
656 4311 698 4376 ab
714 4312 819 4377 altera
835 4330 909 4376 vcro
926 4309 1053 4394 Saulus,
1071 4309 1221 4398 Michael,
1246 4310 1352 4399 Mark,
1380 4312 1436 4397 filij
1451 4309 1505 4376 lra-
1552 4289 1555 4392 i

395 4419 455 4485 tris
472 4418 616 4487 eiusdem
633 4420 679 4504 R,
697 4426 729 4484 et
744 4417 829 4486 idem
846 4424 911 4484 tres
926 4437 985 4505 pro
1002 4419 1091 4484 Bene
1108 4418 1208 4486 fratre
1223 4423 1366 4504 ipsorum
1388 4437 1504 4503 rospon-
1551 4435 1555 4504 ¹.

396 4527 523 4614 dentes,
539 4525 625 4609 quood
641 4526 675 4593 in
692 4525 781 4594 nullo
798 4526 904 4594 dictos
919 4525 957 4592 B.
975 4525 1120 4612 ipsorum
1134 4527 1292 4594 uoluntati
1308 4527 1342 4592 in
1373 4527 1431 4594 hoc
1459 4524 1502 4590 ot·
1553 4517 1555 4552 ³

377 4634 541 4718 sisterem
566 4651 705 4700 necnon
722 4632 891 4702 Barnabas
916 4631 955 4702 dc
986 4631 1142 4718 Vstenud,
1175 4635 1229 4719 qui
1261 4655 1298 4702 se
1328 4629 1502 4721 pristaldum
