3116 5186
818 265 977 360 nn„

333 457 410 524 bilis
426 463 528 544 puter,
544 458 725 542 Episcopus
742 439 1002 547 Vesprimiensis,
1019 458 1133 526 uidens
1150 479 1207 527 nos
1225 477 1299 525 esse
1323 457 1449 538 iudices,

239 631 242 636 .
333 573 364 630 et
380 566 602 651 possesaccre
617 567 748 652 plenam
781 568 947 633 iusticiam
979 567 1019 632 de
1050 565 1263 634 inferentibus
1293 565 1447 648 iniuriam,

242 679 247 684 ⁴
333 671 424 756 Ognz
441 673 575 754 Banum,
593 673 648 756 qui
664 695 745 742 nnus
763 683 834 742 crat
851 676 891 740 de
907 674 1014 760 nobis,
1032 674 1131 741 traxit
1147 675 1180 741 in
1196 695 1329 741 cansam
1348 691 1448 738 coram
1552 677 1557 685 '

331 783 432 868 nobis,
450 781 599 864 inpetens
615 802 687 847 cum
703 782 737 846 in
753 781 840 848 hune
857 781 1010 860 modum;
1030 783 1115 865 quod
1131 784 1202 868 ipse
1218 782 1384 865 quandam
1395 788 1449 845 ter·

331 909 400 954 ram
416 887 563 955 Ecclesia
580 909 637 955 sue
653 889 783 956 numine
798 890 985 976 Wezmeclr,
1000 912 1020 956 a
1036 891 1142 976 prima
1152 890 1339 956 fundatrice
1350 889 1452 955 Eccle-

332 997 379 1064 sie
394 1017 452 1062 sue
466 998 593 1081 Regina
618 997 724 1085 Gysla
750 998 915 1083 donatam,
947 1021 1011 1082 que
1043 1007 1093 1066 est
1125 1002 1208 1068 inter
1239 1001 1394 1066 Drawam
1425 1001 1452 1061 et

332 1107 455 1171 Moram
474 1105 555 1172 eitra
570 1114 697 1191 portum
713 1107 859 1190 Worosd,
878 1109 998 1175 iniuste
1025 1115 1227 1193 occupasset,
1259 1114 1292 1174 et
1323 1126 1452 1190 occupa·
1485 1115 1492 1127 ·

332 1221 399 1278 tam
415 1213 574 1280 violenter
591 1234 753 1300 persuum
771 1214 953 1300 potenciam
979 1214 1152 1299 detineret,
1182 1222 1215 1280 et
1244 1233 1303 1300 per
1337 1215 1449 1279 multus

333 1323 581 1389 ammoniciones
597 1322 732 1389 eandem
749 1323 810 1389 sibi
827 1343 1031 1406 nequaquam
1048 1322 1185 1390 reddere
1201 1327 1337 1388 curaret.
1364 1319 1449 1404 Ognz

332 1437 439 1495 antem
455 1431 564 1495 Banus
580 1430 747 1515 respondit
763 1449 802 1496 ex
818 1431 967 1518 aduerso,
994 1430 1078 1514 quod
1108 1430 1222 1496 eadem
1249 1437 1337 1496 terra
1369 1435 1452 1496 esset

332 1546 420 1606 terra
434 1558 494 1604 sna
510 1538 716 1626 hereditaria,
734 1545 766 1604 et
780 1540 850 1606 iure
865 1538 1058 1606 hereditario
1085 1559 1157 1606 eam
1183 1537 1375 1623 possideret.
1415 1536 1451 1599 Et

329 1647 497 1729 utriusque
513 1647 614 1730 partis
630 1645 751 1713 auditis
767 1647 1049 1732 proposicionibus
1080 1647 1229 1713 dedimus
1261 1645 1308 1711 eis
1340 1645 1449 1730 proba-

332 1755 468 1838 cioncm,
482 1755 592 1821 taliter
607 1754 769 1838 videlicet,
785 1761 819 1821 vt
836 1753 926 1839 Oguz
943 1757 1054 1821 Buuus
1080 1755 1232 1839 probaret
1257 1773 1331 1820 esse
1364 1771 1450 1818 suam

332 1861 420 1927 illam
438 1868 559 1928 terram
577 1883 634 1948 per
649 1863 796 1930 homines
814 1865 855 1928 de
872 1881 1085 1946 generosae,
1107 1868 1139 1928 et
1154 1862 1258 1928 dietus
1276 1860 1452 1945 Episcopus

332 1973 482 2053 probaret
498 1991 570 2038 esse
586 1971 734 2038 Ecclesia
750 1990 817 2057 suc,
834 1979 929 2056 prout
945 1970 1062 2036 melius
1078 1979 1110 2035 et
1135 1967 1301 2035 efficacius
1331 1973 1450 2053 posset

331 2077 394 2154 Qui
410 2099 480 2146 cum
499 2080 750 2163 assumpsissent
766 2099 801 2144 se
819 2077 1018 2164 probaturos,
1034 2079 1069 2143 in
1079 2077 1222 2143 termino
1233 2077 1361 2159 utrique
1372 2073 1451 2160 parti

331 2185 499 2266 assignato
516 2185 620 2251 dietus
636 2186 746 2252 Banus
761 2205 826 2251 non
843 2187 1036 2271 comparuit,
1063 2205 1122 2250 nec
1148 2188 1248 2251 testes
1280 2180 1451 2266 produxit3

137 2268 138 2271 Ἴ
214 2309 219 2315 ·
331 2291 513 2376 Episcopus
531 2293 839 2360 autemncminatns
856 2291 1009 2377 produxit
1041 2297 1139 2361 testes
1170 2290 1315 2376 ydoneos
1348 2307 1452 2355 coram

331 2399 432 2482 nobis,
448 2400 536 2465 viros
551 2399 634 2466 satis
651 2401 790 2488 nobiles,
814 2401 969 2485 pronidos
1005 2407 1036 2466 et
1069 2401 1246 2483 discretos3
1269 2417 1352 2481 quos
1383 2416 1451 2462 cunr

332 2506 635 2592 omnesdiligenter
659 2509 861 2592 inquirentes
893 2509 1187 2590 examinasscmus‚
1219 2506 1282 2591 ipsi
1313 2506 1454 2572 testimo·

331 2615 419 2680 nium
438 2615 648 2700 penituerunt
663 2615 820 2704 dicentes,
838 2616 924 2701 quod
940 2617 1003 2701 ipsi
1020 2616 1194 2683 secundnm
1212 2614 1300 2697 qnod
1331 2632 1390 2697 per
1420 2632 1455 2680 se

333 2729 364 2789 et
380 2742 436 2806 per
452 2741 529 2789 suos
546 2723 667 2807 primos
683 2723 766 2790 scire
782 2731 964 2809 potuemnt,
982 2723 1040 2790 illa
1055 2731 1140 2790 terra
1157 2742 1285 2807 semper
1311 2721 1370 2787 tuit
1395 2719 1455 2786 Ec·

332 2830 431 2898 clesie
447 2831 727 2917 Wesprimiensis;
751 2838 784 2896 et
800 2833 1045 2916 predecessores
1071 2829 1194 2897 domini
1225 2829 1367 2914 Roberti,
1400 2829 1454 2909 qui

330 2938 391 3004 fuit
407 2939 586 3024 Episcopus
602 2938 877 3025 Wesprimiensis,
895 2958 1020 3025 semper
1036 2939 1166 3004 fuerunt
1182 2937 1216 3002 in
1242 2936 1302 3002 illa
1327 2954 1454 3020 posses·

331 3050 432 3115 sione.
457 3047 597 3114 Nomina
614 3055 720 3115 autem
737 3050 864 3115 testium
882 3057 957 3114 sunt
974 3049 1059 3114 hec:
1094 3045 1278 3131 Capitulum
1311 3043 1452 3130 Wespri-

332 3156 465 3235 miense‚
494 3155 678 3240 Capitulum
694 3155 925 3242 Zagrcbiense,
956 3157 1067 3223 Bunad
1091 3155 1213 3240 Banus,
1245 3161 1276 3220 et
1306 3153 1455 3239 Mychael

331 3264 431 3329 frater
447 3263 601 3347 eiusdem,
621 3263 763 3350 Gordon,
781 3264 918 3349 Mortuo,
937 3265 1040 3330 frater
1055 3263 1209 3350 Damase,
1241 3261 1353 3328 Vrban
1369 3261 1455 3328 iilius

331 3371 496 3456 Stephani,
528 3371 656 3438 Gheker
670 3372 756 3440 filius
773 3373 888 3458 Balad,
919 3372 1044 3459 Helyas
1062 3373 1144 3438 tilius
1163 3369 1347 3454 Laureneij,
1380 3369 1457 3434 Vul-

330 3478 417 3544 ehuk
432 3498 535 3568 cecus,
551 3481 677 3549 Marcus
694 3482 734 3548 de
751 3501 870 3565 genere
886 3481 1027 3568 Gorden,
1045 3481 1203 3564 Georgius
1218 3480 1303 3546 lilius
1315 3480 1453 3547 Comitis

331 3585 426 3667 Luce,
445 3586 588 3654 Jacobns
605 3588 710 3654 Maior
726 3589 894 3656 Exercitus
925 3588 1030 3656 Castri
1062 3588 1277 3672 Zaladiensis,
1310 3586 1456 3673 Ghepan,

330 3695 496 3781 Achylles,
513 3695 649 3782 Blasius,
667 3696 792 3780 Chetyl,
821 3694 998 3780 Gregorius
1014 3698 1164 3763 Deeanus
1180 3695 1456 3781 Wesprimiensis,

330 3803 488 3869 Sacerdos
504 3803 684 3891 Barnabas,
700 3804 856 3888 Magister
871 3805 981 3872 Endre
997 3804 1154 3871 Canonici
1171 3803 1457 3889 Wesprimienses,
1546 3878 1551 3891 ι

329 3909 467 3996 Scynke,
485 3910 591 3977 Adam
607 3911 648 3976 de
664 3910 796 3996 Pulach,
814 3921 846 3979 et
862 3912 955 3980 multi
970 3913 1162 3996 iobagioncs
1173 3911 1299 3977 nobiles
1311 3909 1458 3986 ciusdem
1525 3927 1529 3933 ·

331 4019 484 4086 Ecclesia.
512 4015 652 4094 Quorum
670 4019 811 4084 omnium
840 4021 1032 4103 testimoniJ's
1064 4019 1240 4102 diligenter
1270 4017 1392 4084 auditis
1426 4025 1458 4082 et

329 4130 363 4194 in
377 4127 506 4210 seriptis
519 4127 658 4193 redactis
670 4128 909 4210 assignanimus
927 4129 1098 4194 terminum
1115 4127 1239 4212 utrique
1255 4125 1352 4211 parti,
1370 4131 1459 4191 octa·

332 4256 409 4301 uam
425 4236 580 4302 videlicet
597 4236 756 4303 Johannis
773 4236 929 4322 Baptista,
948 4236 980 4301 in
1006 4257 1069 4318 quo
1098 4237 1238 4303 finaliter
1263 4233 1460 4320 procedatur

330 4347 363 4414 in
381 4345 493 4437 eadem
511 4367 619 4414 causa.
645 4349 684 4412 In
701 4366 762 4428 quo
779 4351 989 4430 comparante
1004 4345 1165 4431 Episcopo
1181 4345 1345 4410 nominato
1363 4341 1460 4426 Ognu

329 4455 439 4520 Bonus
455 4475 520 4522 non
538 4454 718 4541 comparuit
734 4454 978 4539 contumaciter,
997 4453 1054 4518 sed
1082 4453 1169 4519 misit
1199 4451 1350 4518 nuncium
1383 4453 1460 4516 sim·

277 4633 278 4636 ,
329 4563 445 4652 plieem
462 4563 505 4628 ad
520 4559 740 4646 recipiendum
759 4563 930 4629 terminum
949 4563 1076 4628 iterato.
1110 4561 1152 4626 Et
1168 4581 1235 4644 nos,
1250 4559 1403 4645 quamuis
1423 4563 1460 4626 iu
