3116 5178
840 286 906 352 358

792 375 855 384 -.—.-·=
874 377 950 382 --—-

304 482 465 550 Voloiuna
495 481 537 548 de
567 480 774 564 Martinusso,
804 481 898 548 hiano
931 482 1017 551 filine
1046 481 1238 566 Soharhene,
1254 482 1433 551 Damianue

308 591 497 675 vaticanae,
515 587 673 672 Georgius
689 586 822 674 Panthi,
840 585 1027 674 Stephanus
1042 587 1083 656 de
1099 589 1285 677 Laurentio,
1301 590 1434 676 Zepnta„

307 697 472 782 Petrigna,
502 694 648 781 Egidiue,
680 695 800 778 Deera,
839 697 1022 763 Damianos
1052 695 1229 785 Figaeollo,
1272 697 1434 766 htatthaue

305 803 490 887 Scherhizo,
521 801 620 870 Draei
651 799 693 868 do
725 803 897 886 Matafaro,
929 803 1005 872 Vita
1021 802 1062 870 de
1076 804 1232 890 Morbiua,
1246 805 1427 888 Stephanus

307 910 350 978 de
367 908 479 994 sonia,
494 908 683 978 Leouardus
699 909 813 992 Dooia,
839 909 925 996 Sopa
942 911 985 978 de
1005 909 1141 996 (ianoio,
1158 910 1350 980 Theodorou
1365 911 1427 980 Ste-

306 1019 421 1106 phani,
452 1017 599 1088 Jovoilue
622 1017 664 1086 de
680 1017 829 1101 hallensi,
859 1018 988 1087 Meroua
1012 1016 1054 1086 do
1069 1018 1217 1105 Strionla,
1234 1020 1379 1086 Marione
1392 1020 1429 1088 de

305 1125 494 1212 Simirgoto,
509 1125 643 1209 Sergius
659 1125 700 1192 de
717 1125 910 1211 Gavernioh,
936 1125 1045 1194 Dohro
1061 1127 1103 1194 de
1121 1127 1272 1212 Glebehe,
1304 1128 1437 1196 Mantua

305 1234 503 1322 dehtargeu,
517 1232 661 1302 Jaeohua
677 1232 884 1320 alcuiniano,
902 1235 1050 1303 Giuannn
1066 1235 1108 1302 do
1123 1235 1310 1322 Peoegrino,
1326 1236 1428 1303 Vivat-

305 1341 369 1412 due
384 1342 425 1408 de
455 1343 632 1429 Stephano,
656 1341 805 1411 Andreae
837 1342 879 1411 de
905 1344 1105 1431 Gotopaguo,
1120 1343 1229 1410 Mioha
1245 1345 1287 1412 de
1303 1344 1437 1427 noenu

304 1450 472 1518 Mattheus
502 1450 545 1518 de
575 1449 744 1535 Gaataldo,
779 1450 877 1519 Naeui
909 1450 950 1518 de
964 1450 1114 1532 Buiatdo‚
1130 1451 1247 1518 Platon
1266 1451 1309 1519 de
1323 1451 1429 1530 horre,

310 1555 421 1624 hiioha
451 1556 492 1624 de
506 1557 656 1640 Formin’,
674 1558 836 1626 Martinus
850 1558 892 1626 de
908 1557 1088 1641 Theodoro,
1105 1558 1249 1628 Jaoohue
1266 1558 1309 1625 de
1326 1560 1437 1627 Petra·-

303 1671 420 1750 morta,
437 1664 581 1732 Jaoohus
597 1665 639 1733 de
654 1663 829 1753 Damiano,
846 1666 961 1734 Petrus
976 1665 1018 1732 de
1028 1664 1119 1753 Otra,
1135 1664 1292 1734 Dohroffo
1309 1664 1437 1748 Oartuor

279 1830 284 1836 .
304 1771 416 1840 hiiaha
446 1772 489 1840 do
518 1772 721 1860 Baiamonte,
752 1771 881 1842 hiadins
913 1772 956 1840 de
976 1773 1130 1860 Murrina,
1146 1773 1256 1839 Mioha
1273 1772 1317 1839 de
1332 1773 1437 1854 Petro„

304 1880 489 1950 Damianos
519 1879 655 1969 Surdus,
687 1881 859 1968 Giprianue
883 1879 1064 1968 Anaotaaii,
1080 1879 1269 1965 Stephanus
1285 1881 1437 1949 Faiioan-

304 1987 386 2074 niue,
411 1985 580 2056 Johannea
596 1987 638 2056 de
663 1989 850 2074 Peregrina,
876 1989 989 2058 Dohre
1003 1986 1046 2056 de
1060 1988 1189 2073 Nioola,
1216 1973 1380 2074 Georgius
1394 1989 1434 2055 de

304 2093 406 2180 Birfo,
437 2095 607 2164 Prodanue
633 2095 675 2164 de
690 2095 863 2179 Domigna,
888 2095 1038 2162 Marione
1065 2094 1106 2162 de
1122 2094 1215 2162 Zarai
1232 2093 1275 2163 de
1290 2097 1429 2183 Petrara,

303 2200 490 2288 Stephanus
515 2201 556 2270 de
571 2201 713 2316 Forupin,
744 2201 839 2272 Petra
855 2201 896 2268 de
911 2200 1063 2270 iohanne
1079 2202 1120 2270 de
1136 2202 1229 2290 hipa,
1246 2203 1375 2272 Gernuo
1394 2203 1433 2269 de

306 2308 481 2392 Zarnhara,
497 2307 662 2377 iohannes
678 2308 764 2376 filine
778 2309 908 2376 Andree
924 2310 1130 2378 deffinire.-
1527 2366 1530 2386 ι

412 2413 448 2479 Ρ.
466 2414 505 2480 Η.
536 2415 607 2502 Ego
632 2415 765 2484 Gabriel
781 2417 938 2486 Pauliana
955 2416 1118 2504 Notarius,
1152 2423 1184 2483 ot
1197 2415 1338 2486 Duoalie
1362 2417 1430 2484 auia
1527 2403 1530 2408 ’

303 2520 513 2588 venetiarum
529 2519 752 2592 Oanaeliariua
770 2523 924 2610 prediotie
946 2525 1089 2607 intertui,
1116 2530 1149 2592 et
1172 2531 1310 2609 rogatus
1336 2522 1431 2593 aonii

303 2627 467 2714 complevi
482 2633 514 2697 et
529 2628 688 2697 roboravi.

411 2735 449 2806 Ρ,
465 2735 507 2808 Η.
544 2735 586 2804 Et
602 2756 663 2822 ego
679 2737 853 2823 Engilerus
869 2736 910 2804 de
937 2737 1084 2807 Gautono
1116 2739 1158 2806 de
1188 2740 1341 2808 Tarvisie
1371 2739 1435 2806 hoo·

304 2841 492 2930 exemplum
508 2843 705 2929 exemplavi.
744 2844 839 2912 Auno
854 2843 986 2913 Domini
1005 2845 1176 2914 millesimo
1207 2843 1435 2914 dueenteeimo-

305 2949 558 3034 quadragesimo
572 2951 721 3036 septimo,
738 2951 791 3019 die
806 2959 900 3021 sexto
916 2952 1060 3021 intrante
1075 2952 1238 3036 Ootohria,
1255 2953 1436 3021 inhiatione

306 3065 413 3144 sexto,
430 3057 508 3126 viris
523 3056 684 3125 nobilibus
699 3059 813 3126 hiauro
828 3059 1024 3128 Maurooeno
1040 3069 1073 3129 et
1087 3061 1251 3148 Rayuerio
1278 3063 1380 3148 Geno,
1401 3066 1430 3128 et

306 3163 459 3231 Johaune
475 3162 517 3232 de
533 3163 668 3253 coele,
678 3165 812 3250 Legatie
828 3165 952 3234 domini
967 3167 1048 3237 Duoi
1065 3169 1101 3236 in
1114 3165 1219 3236 Jadra
1233 3169 1430 3254 aooipieutea

309 3291 334 3336 a
347 3270 531 3339 Judratinie
546 3281 786 3342 eaoramentum
802 3280 835 3341 et
851 3273 1044 3343 fidelitatem
1059 3274 1218 3343 dederuut
1241 3277 1290 3344 oie
1317 3275 1430 3346 Civita-

308 3385 375 3445 tem
389 3376 492 3448 Jadre
506 3399 578 3448 oum
588 3379 656 3448 ouis
665 3381 872 3466 pertiuentiis
882 3381 1058 3450 seeundum
1068 3381 1237 3451 duoiouern
1247 3391 1281 3453 et
1290 3391 1433 3472 paetum,

305 3481 395 3565 quod
410 3484 487 3552 iecit
502 3482 653 3556 dominun
668 3485 744 3554 Dux
760 3506 782 3553 a
796 3485 987 3558 Jadratiuio.

379 3679 415 3738 (Δ
436 3680 532 3732 »Libri
551 3682 717 3738 Paetorum«
738 3685 879 3737 velenozei
897 3685 1128 3754 tuamhunyvhol
1146 3691 1168 3740 1.
1182 3689 1240 3740 hut.
1255 3693 1317 3740 834.
1328 3691 1369 3754 1.),
