3182 5200
640 1013 694 1084 41.

1 1201 2 1204 ¹
98 1212 209 1276 Eudre
226 1213 411 1298 Dalmatio,
428 1212 671 1299 Horcdtoruzdy
686 1212 922 1280 orlacootmia
939 1219 1078 1302 irrrczeuo
1108 1240 1127 1279 a
1158 1220 1236 1300 cuiq-r

98 1319 177 1384 root
188 1321 375 1408 pdspdkncle
399 1343 431 1384 es
456 1323 640 1408 ethciznuk
671 1323 716 1386 ad
747 1324 983 1408 tdruc‘nykezc'sr'
1013 1324 1233 1408 reatausoyot.

625 1430 721 1495 1198.

212 1623 363 1692 Andreas
381 1626 441 1692 Dei
458 1626 570 1711 grecia
585 1625 767 1711 Dalmucio,
784 1625 927 1710 Oroacie,
947 1625 1129 1712 Huidreqne
1145 1628 1227 1708 Dux,

1 1763 2 1772 ¹
102 1733 240 1800 secundi
257 1731 337 1799 Bele
353 1733 454 1816 Regis
468 1733 565 1816 fitius,
575 1733 754 1802 venerabili
764 1733 796 1800 in
809 1733 937 1799 Christo
948 1733 1034 1818 patri
1051 1732 1230 1818 Dominico,

1 1873 2 1876 ¹
105 1839 348 1923 eadem'graoia
366 1839 529 1926 Episcopo
552 1841 777 1928 zagrsbiensi,
795 1837 965 1928 (salutem)
980 1842 1013 1906 in
1031 1849 1230 1927 perpetuum.

1 1993 2 2029 3
103 1947 214 2013 Justis
232 1947 415 2032 potencium
434 1946 606 2016 desideriis
617 1967 676 2014 nos
687 1947 785 2016 focile
802 1949 941 2032 prebere
952 1948 1044 2014 dccet
1054 1967 1233 2034 assensum,

1 2055 2 2139 i
104 2067 137 2121 ct
154 2075 206 2138 en,
217 2075 281 2138 que
292 2055 463 2129 oracionis
473 2057 601 2122 tramite
612 2076 676 2122 non
688 2057 885 2136 exorbitant,
897 2055 1011 2122 effectu
1023 2064 1237 2140 prosequente

1 2175 2 2236 ζ
104 2163 283 2246 complere.
300 2161 321 2228 J
324 2163 404 2228 ustis
419 2161 516 2245 igitur
532 2163 808 2248 postulacionibus
824 2163 888 2229 tuis
905 2168 998 2246 grato
1011 2170 1237 2230 concurrentes

1 2246 2 2289 ³
105 2289 259 2356 necnon,
275 2268 361 2335 huno
377 2271 498 2355 populo
514 2276 570 2336 tuo
587 2278 619 2336 et
636 2270 782 2336 Ecclesie
801 2270 1014 2353 Zagrubieusi
1039 2269 1234 2337 conterimus

107 2381 372 2461 libertatern-et
402 2380 501 2464 sigilli
534 2380 636 2447 nostri
668 2380 843 2447 munimine
873 2381 1098 2448 confirmamus
1130 2384 1162 2445 et
1187 2400 1238 2446 ro·

107 2489 263 2554 boramus
278 2494 347 2554 tarn
363 2489 540 2574 Hungaris‚
555 2508 652 2572 quarn
680 2490 808 2556 Latinis
824 2509 882 2556 seu
901 2489 1048 2555 suavis:
1067 2493 1103 2553 ut
1118 2487 1147 2553 si
1165 2489 1238 2570 quis

108 2596 256 2678 aliquem
272 2594 314 2660 de
330 2598 451 2681 populo
466 2601 521 2662 tuo
540 2603 572 2660 et
583 2595 728 2664 Ecclesie
743 2597 889 2682 predicte
905 2595 939 2661 in
957 2615 1091 2662 consum
1108 2593 1237 2661 trahere

107 2701 260 2786 voluerit,
279 2704 389 2768 subto
405 2704 458 2770 vel
475 2703 536 2770 sub
553 2703 716 2770 iudicibus
732 2724 753 2770 u
769 2711 800 2771 te
816 2702 1000 2771 constitutis
1017 2722 1090 2769 eum
1118 2701 1236 2768 debeat
1282 2751 1286 2763 .

109 2809 301 2894 conuenire;
317 2830 376 2876 nec
392 2810 511 2895 aliquis
527 2809 568 2878 de
584 2814 650 2878 ium
666 2811 753 2878 dioto
765 2812 885 2897 populo
900 2817 956 2878 tuo
966 2816 999 2876 et
1009 2809 1154 2877 Ecclesie
1170 2809 1231 2876 sub

107 2917 179 2984 clio
195 2917 304 2984 iudice
321 2924 470 2985 teneatur
485 2917 584 2986 alicui
613 2917 817 3002 respondere.
836 2917 928 2995 Quod
946 2919 974 2986 si
991 2925 1025 2985 tu
1042 2917 1096 2983 vel
1111 2916 1235 2982 iudices

110 3024 279 3091 iusticiam
297 3025 468 3096 uolueritis
485 3026 652 3110 exhibere,
682 3034 715 3094 et
730 3026 850 3110 aliquis
867 3024 1079 3092 iudices'tnos
1093 3031 1236 3109 ,propter

107 3132 174 3199 troc
190 3131 526 3222 volueritconvenire,
536 3141 613 3201 tuno
623 3155 682 3220 pro
691 3131 821 3201 homine
832 3133 883 3199 vel
894 3131 1078 3200 hominibus
1095 3130 1158 3198 tuis
1173 3132 1235 3198 sub

107 3241 202 3306 Bsno
218 3247 343 3327 nostro,
359 3242 411 3307 vel
429 3241 489 3308 sub
505 3251 618 3308 nostru
637 3241 817 3308 clemencia
841 3240 943 3307 iudex
958 3239 1022 3326 ilie,
1039 3239 1096 3323 qui
1112 3237 1235 3305 iustici-

104 3367 162 3414 arn
188 3348 295 3416 noluit
311 3346 426 3434 fucere,
445 3347 663 3434 respondebit.
687 3348 803 3416 Actum
819 3355 869 3415 ost
885 3349 945 3414 hoc
960 3367 1046 3413 anno
1063 3345 1229 3414 Dominioe

1 3485 2 3488 ¹
105 3455 354 3534 Incnrnaoionis
369 3455 675 3522 MCLXXXXVIII.
693 3456 745 3522 dic
760 3455 837 3524 lune
854 3457 892 3521 V.
913 3455 989 3521 ldus
1000 3453 1080 3538 Moji
1097 3452 1229 3542 indicci-

1 3609 2 3679 ᾗ
105 3584 170 3630 ono
187 3565 305 3648 primu,
323 3571 441 3649 epacte
456 3564 515 3631 XI.
532 3571 742 3631 concurrente
758 3563 816 3628 111.
842 3560 973 3630 Andrec
990 3561 1238 3630 Bano'existeu·

106 3677 150 3759 te,
168 3673 311 3740 Fulcone
327 3671 449 3738 Gemite
464 3671 712 3757 Brudrugiensi‚
729 3673 873 3740 Orozone
889 3671 1014 3738 Comite
1025 3667 1237 3738 Gnarustien·

105 3779 146 3877 si
162 3781 284 3848 Datum
303 3799 360 3865 per
376 3799 490 3847 monus
506 3779 646 3848 Belesini
663 3779 722 3846 filii
740 3778 881 3847 Cornelii
899 3777 1043 3846 Comitis.

219 3978 368 4044 (Tkalcsiu
389 3979 512 4032 Menum.
532 3979 598 4028 hist.
619 3979 711 4042 Episc.
733 3979 929 4044 Zegrsbierrsis
949 3977 970 4028 1.
990 3978 1048 4028 kot.
1070 3984 1093 4028 7.
1108 3977 1137 4042 l.)

545 4263 813 4278 *m
