3228 5198
467 379 628 481 L

16 610 22 638 ι
45 578 81 646 S.
100 580 140 644 u.
161 579 201 643 E.
220 573 430 645 Subdiaoono
447 583 479 646 et
496 578 622 660 Legato
638 575 808 644 Pontificio
826 577 989 658 honorem,
1006 585 1105 665 atque

22 689 166 754 estitam
185 686 258 752 sins
274 685 439 752 mandatis
457 686 705 772 praeceptisque
722 683 888 755 Pontifiois
905 688 1034 754 nomine
1054 689 1107 755 de·

7 796 41 862 's
57 793 317 880 obedientiam.)
343 795 399 860 -Et
415 795 567 878 quoniam
585 794 717 878 longum
735 802 786 862 ost
798 796 918 880 omnia,
935 817 997 880 que
1013 798 1107 864 vobis

1 903 111 996 penda
128 909 224 988 sunt,
241 902 387 987 presenti
404 901 647 968 abbreviationi
665 904 874 989 committere,
891 903 1108 990 depositionis

1 1008 409 1078 interdictisententiam
427 1010 462 1075 in
479 1009 636 1093 quosdam
653 1011 791 1076 fratrum
817 1019 1002 1080 nostrorum
1035 1013 1110 1096 Epi·

8 1156 12 1177 .
31 1139 159 1203 orum,
178 1137 243 1202 pro
261 1137 299 1183 eo
316 1117 402 1202 quod
429 1117 535 1184 uocati
567 1119 611 1184 ad
643 1118 824 1185 Concilium
856 1121 926 1187 eius
957 1118 1113 1186 accedere

1 1231 258 1319 tempserunt,
273 1225 468 1292 auctoritate
484 1234 596 1293 nostra
613 1226 770 1312 prolatum
788 1249 810 1294 a
835 1228 929 1294 nobis
955 1228 1112 1296 noveritis

8 1380 30 1424 ἡ.
42 1355 73 1398 m
90 1332 239 1418 haberi;
258 1333 473 1420 depositionis
489 1333 522 1399 in
539 1333 771 1402 Tristiueusem
790 1331 1067 1422 (Drivastensem)
1079 1339 1113 1400 et

1 1434 3 1447 '
28 1443 259 1527 chinonem,
275 1440 440 1508 interdicti
459 1444 583 1509 veroin
602 1439 882 1510 Catharinensem.
920 1443 1111 1509 Excommu·

15 1588 25 1601 ›
50 1550 147 1620 'onis
166 1571 302 1635 quoque
318 1550 525 1632 sententiam,
541 1571 637 1633 quam
654 1550 689 1616 in
706 1549 977 1618 CatharIneusem
1004 1549 1110 1617 Comi·

7 1669 24 1705 ²
47 1659 290 1744 promulgavit,
308 1665 416 1725 ratam
433 1658 598 1744 babemus,
616 1665 647 1724 et
665 1658 769 1726 donec
795 1657 990 1744 Episcopum
1016 1677 1111 1725 suum

15 1770 117 1855 ‚asie
134 1775 262 1854 vestre,
278 1767 367 1833 sicut
382 1766 486 1849 debet,
502 1764 634 1832 obedire
650 1766 825 1851 permittat,
841 1764 1109 1832 abuniversitate

26 1908 38 1927 2
63 1906 68 1933 ι
93 1877 304 1962 precipimus
320 1875 498 1943 observari.
522 1873 574 1940 Ad
594 1875 652 1942 heo
676 1873 859 1942 devotionis
886 1879 949 1942 eto.
988 1873 1109 1944 Datum

4 1971 22 2031 Ὗ
52 1986 125 2051 rani
143 1983 243 2052 VIII.
260 1983 429 2076 Kalendas
445 1981 604 2050 Januarii.

215 2184 337 2244 (Parlati
356 2183 503 2246 Illyricum
527 2183 644 2236 Sacrum
658 2183 706 2234 VI.
720 2182 778 2234 kbt.
792 2185 835 2230 65.
849 2183 879 2246 l.)

415 2471 682 2482 w..—

521 3006 574 3078 al.

9 3228 12 3255 ³
41 3211 180 3276 ,Istocine
197 3205 311 3293 kirdly
328 3209 370 3272 lui
385 3207 546 3294 ozotpujott
563 3205 662 3274 Dolet
676 3207 789 3274 ueremi
813 3229 939 3293 ronpra
963 3209 1051 3274 emeli
1082 3209 1113 3276 es

14 3325 97 3401 ,tta
111 3319 249 3404 helyseq
256 3315 348 3402 foleti
363 3316 499 3381 re‘sztoet
514 3315 748 3401 adomduyozzo
772 3337 848 3400 may.
879 3317 898 3378 1
903 3315 919 3378 I
924 3317 1032 3381 61-1
1037 3317 1111 3384 173.

80 3511 275 3599 Stephanus
290 3511 462 3598 piissimus
478 3513 548 3578 Rex
565 3511 743 3596 Hungarie,
760 3512 847 3578 filius
879 3512 931 3596 pic
962 3509 1113 3578 recorda·

94 3623 201 3704 Regis
219 3619 340 3707 (lepos.
365 3619 484 3686 Notum
500 3620 543 3686 sit
559 3619 721 3689 uniuersis
739 3620 861 3687 Christ-i
877 3619 1028 3688 fidelibus
1045 3627 1113 3686 tam

31 3729 188 3797 entibus
204 3749 305 3814 quarn
320 3728 438 3795 suturis
454 3747 588 3812 presens
604 3728 760 3813 scriptum
792 3727 995 3794 intuentibus
1028 3726 1113 3794 salu·

19 3872 39 3889 ,ι
61 3837 93 3902 in
108 3836 259 3904 omnium
279 3836 456 3902 saluatore.
480 3834 532 3900 Ad
563 3837 792 3902 uniuersorum
817 3834 969 3901 noticiam
999 3835 1115 3902 hurum

22 3945 63 4010 'e
75 3945 286 4018 intendimus
297 3943 478 4030 peruenire,
496 3942 584 4027 quod
600 3941 729 4009 Delsom
755 3940 910 4008 famulum
945 3941 1114 4010 nobilitate

66 4053 99 4139 i,
115 4060 150 4119 et
169 4054 204 4118 in
221 4051 300 4118 aula
316 4057 428 4119 nostre
444 4048 627 4116 Maiestatis
643 4048 837 4116 assiduitate
852 4048 1007 4116 famulari
1040 4070 1113 4116 con·

49 4161 79 4222 '.
101 4161 167 4227 Cui
184 4159 290 4226 eciam
317 4158 435 4242 Regali
467 4167 499 4236 et
530 4157 615 4223 dono
647 4157 885 4242 possessiouem
917 4155 1112 4244 condonaui,

27 4296 32 4319 a
58 4267 176 4334 mulam
192 4275 280 4335 terre
297 4267 546 4333 uduornicorum
564 4285 706 4332 meorum
723 4267 756 4331 in
774 4265 972 4351 superiorem
982 4271 1113 4351 partem

31 4398 54 4429 κ·
74 4375 232 4444 Scenleus
248 4383 373 4460 vocate,
389 4395 486 4459 quam
504 4376 545 4442 ab
557 4373 741 4442 uduorniois
759 4373 840 4440 meis
858 4373 984 4460 excepi,
1001 4373 1111 4442 eidem

25 4494 31 4557 ζ
61 4505 78 4552 e
94 4484 220 4553 contuli
236 4489 394 4570 perpetuo
409 4482 653 4569 possidendam,
671 4483 748 4567 filijs
763 4484 831 4551 suis
864 4489 897 4548 et
927 4482 1004 4566 filijs
1036 4479 1117 4549 filio·

49 4636 51 4645 1
74 4593 141 4662 eius
159 4591 424 4660 irreuocabiliter
438 4591 633 4674 habendam,
651 4591 686 4657 in
701 4590 762 4677 bys
779 4590 873 4658 metis
892 4589 1114 4674 assignatam

26 4744 57 4767 ,ι
82 4711 132 4770 cet
145 4703 257 4791 prima
287 4710 374 4771 meta
405 4699 548 4772 eiusdem
580 4699 742 4788 particule
773 4706 859 4769 terre
890 4701 932 4769 ab
964 4697 1114 4770 orientali

32 5007 40 5095 r
