3116 5186
547 324 705 444 me

75 528 162 612 tureis
177 561 233 612 sen
248 529 514 629 spetiseienibus,
531 556 591 608 nec
607 559 670 607 uun
687 545 720 607 et
732 535 915 606 homicidiis
931 537 982 607 vel
999 534 1077 606 aliis
1093 521 1191 616 mulis

75 657 140 736 pust
169 651 423 736 suprascriptum
455 669 570 737 pecem
601 647 734 736 fuctum,
766 647 875 716 emnia
907 666 970 732 que
1011 654 1126 734 apertu
1158 648 1191 711 ct

74 759 194 844 cognite
207 766 284 830 sunt
298 763 341 830 sb
357 767 495 846 utreque
509 765 603 846 perte
619 756 748 845 penitus
763 755 952 847 reddentur,
968 757 1020 824 vel
1031 754 1186 844 precium,

74 873 103 934 et
128 867 155 936 si
183 887 251 953 qun
280 853 357 938 sunt
387 887 451 952 que
482 888 548 935 uon
579 866 708 953 possint
737 865 821 932 inter
838 864 941 932 dictes
972 861 1054 932 dues
1078 867 1190 952 purtes

74 973 178 1063 sedum,
208 995 268 1062 per
299 975 454 1044 iudicium
486 976 583 1044 trium
599 973 861 1060 supradictorum
876 972 1031 1060 virorum,
1057 968 1187 1058 penitus

73 1085 208 1152 cessante
223 1081 486 1153 contrudicciene
518 1084 639 1168 ulique,
671 1081 849 1152 secundum
873 1079 1037 1148 racionem
1063 1065 1190 1146 iusticie

72 1190 220 1260 iniuntur.
238 1189 303 1270 Qui
320 1197 430 1260 nutem
446 1211 468 1258 u
483 1189 677 1278 supradicta
692 1187 914 1258 convencione
940 1184 1094 1273 resiliret,
1109 1181 1190 1249 mihi

70 1298 197 1368 selreuct
224 1307 356 1369 centum
389 1319 518 1385 pensas.
550 1303 665 1368 Actum
683 1283 784 1367 ‘enne
801 1297 919 1368 (inscie
942 1289 1186 1362 MOOXXXIV.

70 1427 167 1475 mense
181 1407 378 1494 Septembri.

140 1606 301 1670 (tummim,
321 1605 445 1659 Menum.
464 1606 532 1658 hist.
550 1605 643 1672 Episc.
663 1603 859 1672 Zegrebicnsis
878 1604 900 1655 1.
919 1603 978 1654 ker.
999 1604 1041 1654 74.
1060 1602 1091 1668 1.)
1162 1594 1164 1602 ’

486 1895 753 1908 w

580 2431 654 2501 184.

64 2617 111 2686 IX
124 2617 261 2710 (ierqety
273 2626 369 2712 pcipe
386 2647 407 2688 a
421 2623 662 2709 pueueuhaleui
677 2629 816 2713 apeuey
843 2629 874 2694 ee
905 2627 1051 2696 Demeter
1081 2628 1177 2714 luccy

62 2727 119 2795 see
133 2755 153 2796 a
165 2733 395 2818 uenuejeert
409 2743 569 2798 mouerent·
584 2733 787 2819 terqyctbeui
803 2736 1074 2824 eqyeuettenetyek
1089 2739 1179 2805 iretut

462 2838 648 2908 eructasse.
671 2840 766 2907 1234.

154 3036 333 3123 Gregorius
348 3036 530 3126 Episcopus
546 3055 659 3106 seruus
684 3056 854 3108 seruorum
884 3039 947 3107 Dei
977 3039 1172 3109 venerabili·

62 3140 113 3209 bus
125 3142 280 3212 tratribus
299 3195 305 3208 .
323 3195 331 3212 .
349 3144 609 3230 ,Vesprimienci
625 3150 657 3212 et
674 3195 683 3214 .
701 3195 709 3212 .
724 3195 735 3214 ,
752 3145 912 3215 Nitriensi
928 3146 1109 3235 Episcopis,
1140 3155 1175 3216 et

7 3310 9 3313 ,
61 3247 163 3319 uiteeto
178 3251 269 3320 titio.
290 3303 298 3318 .
317 3302 325 3320 .
343 3251 463 3321 Abbati
479 3251 521 3320 de
537 3253 619 3321 Pilis
635 3253 864 3323 cisterciensis
882 3253 1012 3322 Ordinis
1044 3255 1172 3343 Vespri·

61 3355 175 3426 niensis
190 3359 342 3429 Dieeesis
357 3363 494 3432 salutem
511 3367 544 3431 et
558 3362 780 3448 Apostolienm
812 3361 1081 3431 benedictionem.
1121 3365 1172 3432 Ex

61 3469 142 3548 pauc
156 3465 348 3536 dilecturum
365 3468 503 3537 tiliorum
519 3517 526 3533 .
544 3519 551 3534 .
569 3518 576 3534 .
593 3469 732 3538 Abbatis
748 3477 782 3538 et
796 3469 981 3538 Contentus
1009 3470 1171 3539 Meneste-

61 3570 94 3653 τί]
107 3571 212 3642 Seueri
228 3575 364 3645 Martini
378 3574 439 3643 fuit
453 3576 652 3664 propesitum
671 3597 778 3647 cerem
794 3579 898 3667 nubis,
915 3577 1001 3663 quod
1017 3599 1089 3646 cnm
1105 3579 1170 3666 ipsi

61 3675 244 3750 Demetrium
262 3681 399 3752 mititem
414 3681 670 3768 vesprimiensis
686 3684 833 3754 Diccesis
850 3705 947 3772 super
973 3686 1172 3756 Houusterio

9 3863 13 3870 ,
60 3778 164 3855 Sancte
177 3788 280 3856 Muris
295 3788 338 3857 de
355 3795 465 3858 mente
479 3789 595 3871 Quizin
612 3812 684 3860 eum
701 3793 911 3880 pertinencijs
928 3794 998 3863 suis
1013 3794 1057 3863 ed
1083 3793 1174 3882 ipsos

2 4812 205 5086 i.

59 3902 225 3983 succurre,
240 3896 327 3981 qued
344 3897 432 3966 idern
448 3898 489 3966 D.
507 3898 630 3967 detinet
646 3908 850 3990 occupatum,
865 3908 939 3989 pest
954 3903 1065 3972 nerins
1089 3923 1172 3972 ccm-

59 3999 213 4073 niusienes
228 4005 272 4074 ed
287 4005 436 4075 diuersos
452 4003 583 4076 Judices
600 4008 918 4095 impetratescerem
950 4007 1070 4079 dilecto
1102 4011 1170 4080 filie

60 4105 302 4183 RSubdiuccuu
317 4121 351 4184 ct
366 4113 546 4204 Ospelluuo
563 4123 673 4185 nostro
689 4122 767 4184 tunc
783 4117 818 4184 iu
833 4115 980 4201 Vngariu
1012 4117 1170 4189 existente

60 4221 235 4291 sueteritetc
250 4223 441 4311 Apestelice
455 4224 633 4294 traxissent
648 4224 682 4292 in
699 4247 831 4293 censam
844 4250 853 4310 ;
868 4224 953 4293 idem
970 4225 1170 4314 Capelianus

59 4329 281 4410 mouerimus
295 4318 532 4401 contumaciam
549 4329 1009 4422 excummunieeuieemdcm,
1034 4343 1068 4403 et
1091 4335 1169 4405 iecit

60 4437 353 4508 nuennunieutem
371 4440 504 4527 publice
519 4439 679 4530 nuncieri,
696 4461 835 4527 eamque
859 4461 941 4530 per.
960 4492 968 4508 .
985 4493 992 4508 .
1008 4443 1168 4513 Abbutem

59 4535 155 4611 &neti
170 4541 329 4618 Gethsrdi
346 4555 379 4618 et
394 4567 472 4618 sues
487 4550 632 4639 collegas
647 4549 819 4618 mandauit
851 4569 952 4639 usqne
981 4551 1025 4620 sd
1056 4552 1167 4621 eundi·

60 4661 144 4739 emm
154 4653 408 4732 minueticuem
424 4657 663 4734 inuiolabiliter
677 4661 856 4756 ebserueri.
881 4661 938 4736 Set
953 4658 1060 4738 dietus
1076 4664 1115 4736 D.
1128 4680 1167 4740 et
