3228 5198
12 687 42 784 ,r

12 787 34 876 s

12 883 32 990 l:

12 993 35 1084 r

12 1085 51 1230 l.

240 1011 273 1081 Α
288 1015 490 1103 Frunpepda
507 1011 621 1080 cuulad
643 1009 745 1100 Veplu
762 1013 859 1097 ezc'pet
874 1007 1074 1080 dirtoltdbuu.
1101 1011 1199 1080 1163,

259 1213 299 1278 In
315 1212 445 1279 nomine
461 1208 584 1277 domini
599 1209 660 1274 Dei
678 1216 710 1275 et
725 1208 907 1277 Salvatoris
927 1209 1030 1276 nostri
1046 1209 1125 1278 Jesu
1153 1211 1286 1280 Christi.

146 1325 246 1392 Anno
262 1321 399 1391 Domini
416 1319 587 1389 millesimo
605 1319 782 1386 centesimo
807 1315 1026 1404 (sexagesimo
1048 1319 1167 1403 lertio),
1184 1321 1281 1389 tertio

145 1432 272 1501 mensis
287 1428 440 1515 Augusti,
457 1428 639 1496 indictione
656 1427 769 1493 lea.
786 1425 913 1504 Quanto
931 1447 1058 1512 queque
1075 1427 1209 1498 maioris
1225 1451 1280 1498 ne·

149 1541 238 1628 gotii
254 1558 328 1609 esse
343 1540 542 1625 probantur:
559 1541 651 1604 tanto
669 1536 872 1622 propensiori
888 1536 994 1604 studio
1012 1537 1131 1604 debent
1142 1559 1199 1624 per
1208 1540 1285 1607 scri·

147 1657 281 1736 pturam
297 1647 452 1716 memorie
463 1645 629 1730 annotari,
645 1665 686 1712 ne
703 1645 858 1712 decursus
875 1651 1053 1730 temporum
1071 1644 1174 1732 tollat,
1194 1647 1280 1730 q'uod

145 1757 343 1824 innocentia
361 1761 392 1820 et
407 1753 491 1820 bone
506 1753 670 1838 opinionis
686 1751 821 1818 intentio
838 1749 966 1818 efficere
978 1750 1113 1819 studuit.
1129 1751 1278 1840 Quapro-

145 1873 222 1951 pter
238 1884 298 1930 nos
314 1861 448 1948 quidem
465 1859 582 1927 Vitalis
598 1858 737 1927 Michael
753 1856 837 1946 (Il),
856 1856 918 1927 Dei
934 1860 1042 1943 grstia
1057 1858 1278 1947 venetiarum,

144 1970 316 2040 Dalmatis
332 1975 430 2054 atque
447 1969 576 2036 Oroatie
591 1970 677 2055 Dur,
688 1987 758 2034 cum
776 1965 946 2034 Judicibus
957 1973 989 2033 et
1005 1966 1126 2035 dilectis
1143 1966 1279 2052 Sapien-

144 2081 237 2148 tibus
253 2086 352 2163 alque
367 2078 466 2144 totius
481 2079 591 2163 populi
608 2075 849 2144 collaudatione
874 2094 931 2142 seu
954 2076 1199 2144 confirmatione
1213 2077 1279 2143 uti·

144 2187 235 2258 litati
248 2186 458 2254 Venetiarum
475 2192 509 2251 et
524 2185 623 2253 saluti
639 2184 817 2268 diiigenter
833 2185 1051 2266 consulentes,
1078 2185 1275 2254 comitatum

142 2298 351 2382 Veglensem,
369 2301 445 2381 post
460 2294 640 2362 discessum
658 2293 791 2361 Comitis
807 2293 914 2361 Doimi
926 2298 1109 2377 vacantem,
1124 2293 1274 2363 ordinare

143 2405 354 2473 decrevimus
386 2402 430 2470 ad
449 2403 602 2470 honorem
619 2409 650 2470 et
667 2405 846 2487 profectam
873 2402 1028 2470 Comanis
1053 2401 1272 2472 Venetiarum.

20 2583 49 2601 ,,
140 2517 185 2582 Et
202 2513 357 2598 quoniam
375 2519 408 2580 te
423 2511 700 2595 Bartholomeunr,
712 2518 812 2596 alque
823 2510 1005 2579 Gnidonem
1022 2511 1156 2580 tratrem
1173 2520 1263 2580 tuum

139 2623 246 2690 fllium
265 2621 405 2706 predicti
423 2619 558 2686 Comitis
574 2619 693 2704 Doimi‚
706 2619 789 2686 tales
805 2618 874 2688 sore
888 2618 1113 2706 novimus,qni
1130 2619 1271 2688 (lumita-

139 2737 212 2797 tnm
227 2729 426 2812 veglensem
441 2726 617 2814 prudenter
632 2747 746 2810 regere
761 2733 860 2810 atque
876 2727 959 2795 tueri
982 2728 1141 2814 potestis:
1157 2726 1275 2796 idcirco

140 2841 252 2925 ipsum
269 2837 478 2922 Comitatum,
494 2842 642 2904 ettotam
660 2835 801 2902 insulam
819 2837 910 2903 vobis
927 2838 1084 2906 ambobus
1115 2837 1270 2906 fratribus

12 2973 14 2996 τ
139 2953 290 3031 tempore
306 2944 373 3012 vite
390 2950 499 3012 vestre
515 2942 641 3024 damus,
665 2945 873 3011 concedimus
905 2950 1003 3030 atque
1019 2951 1267 3032 transactamus,

12 3107 13 3118 ,
140 3061 174 3122 et
190 3054 241 3122 illi
258 3051 300 3120 de
316 3053 408 3120 vobis
424 3053 480 3137 qui
496 3051 712 3137 supervixerit
729 3053 785 3118 tali
802 3051 899 3120 modo
925 3059 1076 3140 etpacto,
1093 3052 1182 3138 quali
1197 3074 1268 3139 pre·

139 3164 248 3230 dictus
272 3168 369 3248 pater
384 3168 492 3229 vester
509 3160 622 3256 habuit
637 3167 782 3246 tempore
798 3161 1067 3244 predecessorum
1085 3166 1267 3229 nostrorum

12 3281 14 3290 '
139 3273 227 3339 bone
261 3269 416 3336 memorie
432 3269 571 3356 Ducum,
602 3268 755 3336 videlicet
786 3267 948 3336 Dominiei
980 3269 1161 3355 Michaelis,
1177 3269 1272 3335 Petri

12 3367 13 3370 ¹
139 3379 272 3459 Polani,
305 3377 472 3444 Dominiei
497 3379 695 3464 l'lanroceni,
714 3383 747 3444 et
762 3384 907 3462 tempore
924 3383 1031 3445 nostro
1049 3399 1104 3464 per
1122 3382 1269 3443 nostrum

12 3561 13 3566 ἵ
138 3488 350 3574 privilegium
368 3487 600 3571 confirmatum,
616 3507 689 3554 cum
707 3487 857 3554 omnibus
874 3487 1064 3575 redditibus,
1077 3487 1161 3553 sicut
1176 3491 1271 3571 pater

136 3601 252 3662 vester
267 3594 392 3684 hahuit,
411 3601 445 3660 nt
463 3594 571 3661 omnia
593 3595 724 3678 integra
740 3601 771 3661 et
787 3594 916 3662 illibata
931 3595 1093 3682 habeatis,
1111 3601 1143 3661 et
1162 3601 1265 3680 potes·

12 3775 14 3788 ³
138 3705 243 3770 tative
260 3712 379 3768 cuncta
410 3701 592 3769 vendicatis
609 3703 712 3790 vobis,
745 3709 854 3788 preter
870 3702 1011 3770 barchae
1042 3702 1268 3788 Veglensium,

12 3891 13 3894 Ἴ
31 3830 39 3844 ·
139 3829 223 3894 quas
240 3812 391 3878 nolumus
408 3817 443 3878 ut
460 3810 611 3896 onerelis,
644 3829 749 3893 neque
774 3811 886 3878 asinos
903 3811 957 3878 vel
974 3811 1121 3878 iumenta
1135 3811 1267 3878 illorum

12 3969 13 3974 η
136 3918 286 3985 volumus
303 3924 338 3984 ut
354 3940 411 4004 per
427 3920 492 3984 vim
509 3919 679 4003 auferatis,
712 3921 888 3986 canistrum
906 3938 1035 4002 qnoque
1054 3939 1190 3987 uvarum
1208 3939 1268 4003 per

137 4028 254 4094 vineas
269 4026 397 4094 illorum
415 4047 479 4093 non
498 4028 631 4094 tollatis.
651 4029 717 4094 ista
749 4035 888 4110 quatuor
905 4029 1036 4094 omnino
1053 4026 1264 4114 prohibemus

12 4195 13 4200 ,
135 4157 177 4204 ne
195 4134 336 4202 faciatis.
354 4133 472 4203 detera
488 4136 570 4203 sicut
589 4136 732 4203 diximus
744 4135 878 4203 licenter
892 4136 1040 4204 habeatis
1051 4135 1121 4203 sine
1138 4141 1264 4202 contra-

136 4242 282 4311 dictione
299 4249 333 4310 et
349 4247 419 4310 eine
435 4243 522 4309 omui
538 4243 758 4312 diminutione.
783 4244 945 4326 Augurius
969 4251 1097 4313 nostrus
1118 4243 1266 4328 quotiens

12 4343 14 4352 ’
139 4371 222 4439 opus
237 4351 348 4437 suerit,
366 4352 451 4419 sicut
466 4359 611 4439 tempore
621 4351 836 4439 predictorum
853 4352 977 4420 Ducum
995 4361 1027 4421 et
1043 4359 1163 4438 nostro,
1179 4352 1265 4438 Veg·

23 4559 30 4566 .
133 4459 243 4528 lenses
259 4458 472 4529 communiter
486 4459 618 4529 faciant.
637 4462 777 4545 Legatos
787 4468 914 4530 nostros
934 4462 1102 4550 excipietis
1116 4470 1147 4530 et
1163 4460 1262 4534 hono-
