3184 5186
928 841 1005 911 367.

410 1035 439 1102 Δ
456 1041 549 1124 eriphi
563 1039 756 1105 koaoeulnalr
770 1041 1045 1126 bizonyedpleoele,
1063 1042 1147 1127 hoyy
1163 1041 1281 1107 Luna
1296 1043 1385 1106 boati
1401 1042 1526 1129 focapr-

479 1155 544 1210 rest
561 1149 593 1212 ea
609 1150 737 1214 metuere
753 1148 883 1235 Mibdly
898 1147 1051 1235 operta
1067 1149 1204 1215 bio‘tokot
1220 1150 1325 1216 osea.
1360 1151 1459 1218 1262.

514 1449 582 1514 Nos
597 1446 756 1534 Joeehym
771 1447 864 1516 Prior
880 1453 912 1514 et
927 1447 1113 1516 conuentus
1128 1448 1170 1516 de
1186 1447 1253 1532 Sug
1269 1447 1419 1515 Fratrum
1436 1447 1526 1516 Ordi-

403 1557 454 1622 nis
470 1554 713 1624 Predieetorum
729 1556 949 1642 signihoemus
965 1555 1083 1639 quibus
1099 1555 1232 1642 expedit
1248 1556 1452 1641 preseneinm
1468 1575 1526 1643 per

402 1671 556 1750 tenorem,
571 1664 658 1749 quod
668 1658 851 1734 eonstitutiu
861 1661 896 1732 in
905 1671 1017 1732 nostra
1027 1666 1198 1752 presencia
1207 1666 1362 1750 Magistro
1372 1667 1531 1733 Ludiulao

402 1769 641 1839 Arehidiaoouo
655 1771 816 1842 Huntensi
832 1779 863 1840 et
880 1771 1050 1859 llyohaele
1064 1775 1167 1840 fratre
1182 1792 1240 1840 sue
1264 1791 1305 1840 ex
1332 1793 1400 1840 una
1425 1783 1528 1860 parte

402 1885 434 1944 et
449 1878 612 1947 nobilibus
628 1879 709 1948 uiris
724 1882 841 1967 Poura,
855 1879 1002 1948 thilleo
1018 1887 1051 1948 et
1066 1880 1176 1948 Marco
1208 1900 1250 1947 ex
1280 1879 1407 1964 altem
1431 1881 1529 1968 ijdem

403 1987 520 2074 Poura,
537 1987 680 2056 Aehilles
698 1994 731 2055 et
745 1989 887 2077 llarous,
903 1990 1110 2074 presentibus
1136 1995 1170 2056 et
1193 1988 1426 2057 assistentibus
1450 2009 1531 2056 eorn-

402 2096 562 2164 metaneis
579 2103 612 2164 et
628 2095 747 2164 nieinis
764 2115 956 2164 eonsensum
971 2102 1003 2162 et
1020 2115 1191 2165 assensum
1217 2095 1440 2184 prebentibus,
1457 2117 1528 2165 eon·

403 2202 480 2272 fessi
496 2209 581 2290 sunt,
613 2224 650 2272 se
665 2209 767 2272 totam
783 2211 901 2270 terram
917 2223 1010 2271 suam
1028 2222 1127 2286 quarn
1142 2202 1328 2270 habuerunt
1342 2203 1375 2270 in
1403 2205 1530 2292 (lnrky,

404 2331 474 2380 enm
492 2313 640 2380 omuibus
656 2311 851 2380 utilitatibus
867 2311 936 2380 suia
953 2319 985 2380 et
1000 2310 1219 2399 pertiuenoijs,
1250 2311 1404 2380 videlieet
1435 2313 1531 2381 larris

403 2419 596 2505 arabilibus,
621 2420 734 2509 pratis,
765 2421 950 2488 nemoribus
965 2428 998 2489 et
1012 2418 1139 2504 feretis,
1169 2439 1230 2487 neo
1245 2441 1310 2488 nen
1325 2421 1413 2488 areis
1428 2422 1532 2487 euria-

402 2547 482 2613 rum,
499 2527 689 2596 vendidisse
704 2527 859 2613 prediotis
876 2525 1032 2612 Magistro
1047 2525 1084 2593 L.
1102 2535 1135 2594 et
1151 2528 1203 2614 lh,
1219 2545 1259 2594 ae
1274 2547 1386 2595 eornm
1402 2527 1532 2595 heredi·

402 2637 462 2704 bus
481 2635 697 2721 heredumque
713 2635 964 2721 humanoribus,
996 2655 1036 2702 ao
1052 2635 1154 2702 eniam
1171 2655 1279 2702 eorarn
1295 2635 1391 2703 nohis
1418 2636 1530 2703 nendi·

403 2743 529 2832 derunt,
545 2764 585 2811 ao
601 2743 707 2812 tonius
723 2752 809 2811 terre
825 2743 965 2828 preeinm
982 2743 1141 2826 Magistro
1157 2744 1194 2809 L.
1210 2750 1244 2808 et
1259 2742 1349 2809 dioto
1365 2743 1409 2809 bl.
1427 2745 1530 2810 fratre

402 2851 470 2920 eius
487 2852 742 2937 ponderantibus
758 2858 791 2920 et
807 2851 1051 2921 numerantibus
1066 2858 1117 2918 est
1131 2871 1241 2917 eoram
1255 2850 1350 2918 nobis
1375 2851 1523 2936 plenarie

356 3021 359 3028 .
402 2960 611 3045 persolutum.
637 2956 861 3026 vendiderunt
876 2961 981 3027 eeiam
1006 2958 1149 3026 insulam
1179 2955 1353 3044 quandum,
1385 2978 1450 3044 que
1482 2965 1528 3024 esl

402 3066 493 3132 iuxta
508 3086 603 3134 ereas
620 3065 878 3153 supradictorum
894 3066 1053 3134 nobilium
1068 3066 1185 3151 Pensa,
1201 3063 1338 3130 thillis
1363 3071 1397 3132 et
1421 3063 1531 3131 Marci.

403 3172 641 3262 Promittentes,
672 3173 757 3260 quod
774 3173 802 3241 si
818 3193 975 3259 proeesse
990 3171 1145 3257 temporis
1160 3171 1282 3239 dietam
1307 3178 1432 3240 terram
1462 3193 1534 3241 eon-

402 3281 543 3364 tingeret
559 3281 664 3348 euiuei
680 3281 733 3348 nel
749 3301 806 3367 per
821 3280 913 3348 litem
930 3279 1063 3360 auferri,
1077 3277 1178 3364 iidem
1195 3278 1277 3364 ipsis
1294 3279 1466 3362 Magistris
1490 3279 1527 3346 ln

401 3397 434 3453 et
450 3389 556 3474 Myeh.
573 3408 612 3456 ao
627 3408 737 3456 eorum
753 3387 926 3456 heredibus
941 3393 1127 3454 tenerentur
1143 3385 1320 3454 defendere
1336 3395 1371 3455 et
1380 3391 1478 3475 tueri,
1494 3407 1534 3454 aa

404 3495 574 3563 refundere
590 3496 733 3582 dampna
747 3503 780 3562 et
795 3515 968 3582 expensas,
985 3514 1067 3581 ques
1082 3493 1238 3580 sepedicti
1254 3495 1418 3580 Magister
1437 3497 1475 3562 L.
1502 3501 1534 3562 et

403 3602 501 3670 frater
519 3604 599 3690 eius,
630 3605 684 3671 uel
702 3623 812 3672 eorum
829 3601 964 3673 heredes
979 3603 1125 3672 lacerent
1139 3623 1198 3690 pro
1223 3604 1417 3672 defensione
1449 3611 1536 3670 terre

401 3710 511 3795 sepius
527 3717 712 3778 memorate.
736 3709 899 3778 Feeerunt
930 3711 1034 3777 seiam
1065 3710 1216 3796 superius
1248 3710 1420 3786 memorati
1450 3711 1535 3779 tilios

403 3835 492 3906 suos,
508 3815 661 3884 videlieet
678 3815 826 3899 Pousam,
842 3816 1054 3897 Demetrium,
1077 3815 1237 3884 blieonem
1254 3827 1286 3906 et
1300 3817 1446 3903 Dudum,
1462 3839 1535 3887 oen·

378 3965 382 3972 ·
400 3923 522 3991 sentire
538 3922 724 3990 vendieioui
741 3906 945 4009 supradiote;
958 3923 1195 4012 premittentes,
1218 3931 1256 3990 ut
1270 3941 1332 3990 neo
1365 3925 1442 4011 ipsi,
1476 3947 1536 3992 nee

299 4073 303 4082 ·
403 4052 511 4100 eornm
528 4029 667 4098 heredes
683 4029 737 4097 uel
752 4029 908 4098 heredum
924 4048 1130 4098 successores
1155 4038 1271 4099 eontra
1300 4029 1532 4100 nendieionem

404 4141 554 4207 uenirent
569 4145 786 4223 pretaxatam.
812 4140 850 4205 In
867 4139 958 4206 ouius
974 4137 1022 4206 rei
1054 4140 1242 4206 memoriam
1273 4147 1306 4206 et
1337 4149 1532 4227 perpetuam

403 4248 587 4314 firmitatem
603 4253 768 4334 presentes
787 4246 1008 4315 oonoessimue
1029 4247 1156 4314 litteras
1172 4247 1275 4330 sigilli
1291 4250 1396 4314 nostri
1430 4249 1532 4316 mnni-

405 4353 493 4422 mine
509 4353 698 4440 roboratas3
724 4373 810 4421 anno
827 4353 959 4421 Domini
976 4353 1147 4422 millesimo
1165 4351 1312 4421 00⁰LX⁰
1328 4356 1486 4424 seeundo.

599 4483 709 4544 (Knauz
728 4482 853 4547 mandor,
871 4483 990 4549 Magyar
1009 4483 1075 4535 Sion
1093 4483 1131 4534 11.
1150 4483 1209 4534 hot.
1230 4485 1291 4534 888.
1309 4483 1342 4548 l.)
