3160 5208
18 911 20 1002 ,
601 899 672 968 148.
689 921 694 932 ¹

17 1183 22 1212 r
85 1095 220 1183 Troasque
237 1102 330 1164 traci
344 1099 469 1186 pdaplik
485 1096 608 1166 Genesi
622 1101 766 1184 opalotoa'
782 1099 925 1166 crateae
939 1103 1072 1188 eyyba'zi
1080 1104 1196 1190 ttyyek·

17 1215 18 1224 ’
434 1207 492 1272 ben
508 1213 654 1273 tandooot
670 1206 722 1273 dd.
748 1208 841 1274 1228.

176 1399 361 1468 Venerabili
376 1405 461 1488 patri
479 1410 512 1471 et
539 1401 670 1470 domino
700 1402 738 1470 G.
770 1403 830 1470 Dei
863 1403 974 1487 gracia
1006 1403 1194 1492 spalatensi

82 1509 319 1594 drcbiepiscopo
336 1510 374 1576 Τ.
392 1509 606 1594 permissione
632 1510 755 1577 Diuina
785 1511 1016 1596 Traguriensis
1049 1512 1193 1581 Ecclesie

83 1616 212 1683 minister
228 1618 365 1685 humilis
381 1637 453 1684 eum
478 1617 692 1686 inclinatione
716 1617 921 1685 devotionem
948 1627 1015 1685 tam
1049 1617 1194 1686 debitam

81 1743 162 1806 quam
178 1727 341 1792 devotam.
367 1725 470 1792 Simo
487 1725 727 1793 nonaldxisset
745 1727 829 1794 leoto
856 1727 1000 1812 eorporis
1026 1727 1193 1806 valetudo,

83 1830 163 1915 longe
179 1833 350 1898 ardentius
367 1834 560 1918 inspirarem
576 1834 692 1914 lingua
708 1834 841 1918 propria
858 1833 975 1900 restris
992 1833 1123 1900 auribus
1138 1853 1193 1900 vo·

81 1939 218 2004 luntatem
234 1941 300 2005 mei
318 1941 430 2025 animi,
446 1959 544 2023 qrram
569 1941 769 2007 committere
795 1940 908 2024 lingue
940 1939 1081 2007 officium
1114 1960 1193 2007 voce

77 2046 245 2114 carentibus
261 2048 384 2114 litteris
401 2053 433 2114 et
450 2050 547 2116 cartis
566 2049 672 2115 mutis.
707 2047 772 2114 Sed
789 2049 867 2130 quia
893 2055 1033 2115 terrores
1059 2047 1191 2114 Domini

80 2153 233 2220 aduersum
250 2174 304 2222 me
322 2155 475 2242 militant,
492 2165 620 2242 oportet
635 2175 687 2222 mc
702 2154 869 2239 flagellum
886 2157 957 2223 eius
975 2175 1057 2238 equo
1082 2161 1192 2222 animo

79 2260 221 2329 tollerare.
246 2261 338 2328 Sane
355 2283 427 2328 eum
444 2283 502 2347 per
517 2263 579 2330 Dei
595 2263 736 2345 gratiam
753 2262 824 2329 sitis
841 2264 892 2327 vir
908 2262 1192 2347 discretusetpro·

79 2369 167 2455 vidus,
184 2371 275 2436 etad
295 2370 407 2436 omnia
422 2368 514 2435 vobis
540 2369 716 2454 sufficiens,
733 2369 817 2435 adeo
850 2375 885 2434 ut
916 2389 977 2434 nec
1009 2369 1194 2455 indigeatis,

74 2476 317 2544 necinhcreatis
334 2476 484 2544 consiliis
500 2477 659 2562 aliorom3
689 2497 755 2543 non
782 2482 869 2543 esset
900 2477 1069 2564 sapientis,
1102 2477 1190 2545 exhi·

78 2583 141 2650 berc
157 2585 328 2652 eonsilium
346 2604 412 2649 non
428 2584 601 2667 quesitum.
640 2584 706 2650 Sed
722 2585 749 2652 si
777 2582 871 2651 detur
899 2583 1006 2651 verbis
1038 2589 1191 2667 audacia,

78 2693 246 2759 reducerem
263 2712 378 2759 eoram
396 2692 497 2759 oeulis
523 2691 642 2758 mentis
674 2699 783 2758 vestre
814 2690 898 2756 illud
932 2691 1193 2759 Salomonieum:

79 2801 203 2868 »Omnia
219 2799 275 2866 lac
294 2799 517 2867 cumconsilio
534 2805 599 2883 tuo,
618 2806 650 2866 et
665 2807 796 2886 propter
813 2798 935 2866 factum
967 2819 1031 2865 non
1067 2803 1191 2885 penite·

77 2907 142 2972 tic«
165 2907 396 2992 Proposuistis,
413 2917 507 2992 pater
522 2915 557 2973 ct
574 2906 712 2992 domine,
729 2905 865 2973 visitare
881 2906 1020 2985 Curiam,
1036 2913 1069 2974 et
1084 2917 1192 2993 reete;

78 3021 106 3080 ut
118 3014 358 3100 cognoscamini
374 3023 406 3081 et
422 3014 637 3100 cognoscatis,
664 3012 751 3098 quod
777 3021 895 3100 vestre,
928 3011 1014 3098 qnod
1046 3013 1190 3080 Romane

77 3121 158 3188 curie
173 3123 344 3207 postulant
360 3123 515 3206 rationes,
542 3130 578 3187 ut
609 3121 788 3188 secundum
821 3121 1012 3207 Apostolum
1045 3124 1192 3190 omnibus

77 3229 204 3298 reddatis
219 3230 345 3316 debita,
363 3231 415 3297 eoi
430 3230 586 3296 bonorem
602 3230 767 3313 honorem,
784 3231 836 3296 cui
853 3231 1008 3296 tributum
1018 3229 1190 3311 tributum;

77 3347 106 3402 nt
119 3342 230 3406 nemini
247 3338 419 3424 quidpiam
436 3337 595 3423 debeatis,
612 3337 677 3404 nisi
694 3337 835 3405 debitum
847 3339 1032 3407 dilectionis
1043 3346 1074 3404 et
1084 3337 1193 3405 debito

76 3447 281 3516 subiectionis.
305 3446 371 3512 Sed
387 3446 524 3512 occurrit
539 3465 579 3512 ex
596 3445 737 3513 musmo
760 3447 946 3513 vacantium
971 3446 1191 3513 Ecclesiarum

78 3553 189 3621 inntens
205 3573 285 3620 cura
302 3559 335 3620 et
351 3552 548 3620 sollicitudo.
574 3554 702 3620 Vacant
718 3553 803 3620 enim
821 3555 930 3636 plures
947 3552 1093 3621 Ecclesie
1109 3551 1190 3638 Spa·

77 3662 197 3730 latomis
213 3660 534 3746 Arebiepiseopatus,
550 3660 595 3727 ad
606 3659 866 3744 subrogationem
877 3677 1013 3743 quarum
1026 3679 1085 3727 vos
1095 3679 1188 3744 opor·

78 3775 118 3834 tet
130 3768 304 3837 extendere
319 3767 584 3854 sollicitudinem,
602 3777 635 3834 et
658 3768 691 3833 in
717 3766 865 3834 omnibns
877 3773 1074 3835 accuratam.
1099 3767 1191 3837 Licet

76 3877 150 3942 enim
164 3878 232 3943 sint
247 3874 395 3942 Ecclesie
412 3873 634 3962 cathedrales,
649 3894 714 3942 non
725 3883 836 3942 tamen
846 3882 923 3944 sunt
932 3873 1191 3958 conventualem

77 3991 104 4052 et
116 3984 167 4052 ubi
183 4003 244 4069 per
262 3985 510 4050 conventualem
527 3982 795 4050 deliberationem
813 3981 1110 4050 substituendorum
1121 3999 1191 4066 per·

13 4143 15 4212 Ι
74 4109 214 4159 sonarum
232 4089 350 4157 electio
363 4110 429 4157 non
446 4089 603 4176 procedit,
619 4108 751 4158 necesse
766 4098 825 4173 est,
858 4097 892 4155 ut
910 4108 968 4176 per
984 4089 1118 4156 venales
1133 4091 1191 4156 lai-

13 4225 14 4266 ς
77 4216 172 4264 corum
188 4217 315 4283 manus,
350 4197 406 4282 qni
423 4216 482 4266 nee
497 4195 671 4266 Dominum
699 4199 825 4285 timent,
858 4215 918 4264 nec
934 4194 1081 4264 homines
1101 4215 1191 4262 reve·

13 4299 15 4388 ᾗ
79 4309 187 4391 rentur,
203 4325 269 4374 non
286 4323 437 4391 persone,
452 4304 511 4372 sed
528 4323 740 4390 personarum
755 4305 850 4372 simio
873 4304 1118 4390 substituantur,
1150 4303 1192 4372 de

75 4431 200 4494 quarum
216 4412 447 4480 snbstitutione
464 4421 586 4496 quanta
602 4419 812 4500 prorumpant
827 4409 1041 4496 incommoda,
1067 4410 1190 4496 experi-

13 4537 15 4592 f
77 4527 175 4586 mento
191 4519 372 4605 didicistis;
397 4519 567 4606 dequibus
584 4540 647 4588 non
664 4528 713 4590 est
728 4519 823 4589 modo
840 4540 897 4606 per
921 4516 1055 4602 singula
1078 4518 1191 4604 dispo·

13 4609 15 4660 ἶ
75 4629 146 4691 tare.
170 4627 285 4696 Verum
320 4629 348 4694 si
376 4633 464 4695 reete
492 4629 598 4695 velitis
623 4627 666 4696 ad
692 4633 847 4696 vacantes
881 4625 1049 4692 Ecclesiae
1081 4626 1192 4694 debite
