3206 5184
811 251 972 350 Q

322 439 458 509 Comitis
475 441 634 528 Stephani
651 441 812 511 veniendo
831 448 1033 529 presenciam
1059 455 1171 512 contra
1199 447 1395 515 Ladislaum
1427 458 1464 517 et

323 547 458 618 Benkus
475 548 559 617 lilios
574 548 734 618 Johanuis
748 546 818 638 (filij
836 550 1023 640 Feliciani),
1039 573 1080 620 ac
1095 549 1230 620 Paulum
1247 554 1348 620 lilium
1359 555 1464 623 Nico·

325 657 371 722 lai
388 655 429 722 de
447 657 563 724 eadem
580 657 748 743 Tnmalya
763 657 824 725 stb.
844 657 1045 745 (lelmutatja
1067 661 1179 727 Bebelr
1194 661 1311 731 Istran
1328 667 1464 746 orszag-

324 763 464 830 blrdnalr
482 767 580 834 1367.
600 764 674 832 »hic
689 763 724 830 in
739 765 933 851 wissegrad
949 767 1109 853 vigesimo
1126 775 1241 852 quarto
1258 769 1312 837 die
1323 777 1462 839 octaua·

327 889 397 937 rum
426 870 492 940 diei
520 870 693 939 cinerum«
726 871 863 959 lriadott,
890 893 906 939 s
930 894 951 941 a
979 874 1087 958 jdszdi
1117 875 1321 943 kenrenthez
1351 876 1461 943 sudlld

324 978 545 1059 iteletlevelet,
578 980 665 1063 mcly
681 979 799 1045 suerint
816 980 905 1046 tdbbi
923 981 1000 1048 kozt
1011 1003 1036 1049 a
1053 982 1162 1068 kirtly
1180 1003 1219 1048 az
1235 984 1304 1066 egri
1334 984 1457 1069 inepta-

324 1085 449 1152 lannak
466 1085 665 1172 meghegyta
682 1086 761 1170 volt,
778 1085 867 1171 hogy
884 1087 1123 1174 vonatltozdlag
1139 1088 1459 1156 JohauuesLittera·

323 1201 375 1257 tus
393 1195 435 1260 de
450 1191 619 1279 Tornalya
634 1213 717 1260 aron
735 1193 931 1281 keresetere)
948 1195 1034 1278 quod
1052 1197 1124 1279 ipse
1141 1196 1263 1263 eisdem
1294 1196 1457 1264 Ladislao

324 1300 506 1368 etBenkus
523 1300 599 1387 filijs
624 1302 798 1390 Johannis,
825 1323 865 1370 ae
891 1303 992 1373 Paulo
1025 1304 1093 1372 lilio
1125 1305 1254 1371 Nicolai
1284 1305 1317 1370 in
1348 1303 1458 1370 forma

324 1408 489 1475 cuiusdam
506 1409 675 1476 concordie
690 1409 851 1494 quandam
869 1413 1111 1496 possessionem
1128 1430 1221 1478 suam
1247 1413 1330 1478 Kwn
1356 1432 1454 1478 roca·

323 1523 399 1604 tam,
417 1519 552 1600 excepta
568 1516 709 1600 quadam
727 1517 890 1603 particula
906 1524 1002 1605 terre,
1034 1518 1160 1585 scilicet
1175 1518 1277 1584 tercia
1292 1525 1383 1604 parte
1409 1539 1455 1584 ex
1533 1544 1537 1551 ·

324 1623 473 1708 predicta
489 1625 697 1711 possessione
714 1626 798 1692 Kwn
817 1629 846 1692 ei
863 1625 983 1713 decisa,
1002 1647 1022 1692 a
1038 1633 1133 1710 parte
1149 1627 1274 1694 scilieet
1284 1627 1455 1693 cuiusdam

323 1733 538 1816 possessionis
556 1752 614 1800 sue
629 1733 740 1816 Lapsa
756 1735 925 1801 nominate
941 1735 1115 1818 ediscenti,
1149 1753 1211 1816 qne
1241 1735 1343 1800 tercia
1373 1753 1453 1816 pars

322 1839 425 1926 ipsius
449 1842 664 1924 possessionis
681 1842 764 1907 Krrn
782 1842 833 1908 vel
851 1842 998 1908 fortassis
1014 1843 1117 1907 minor
1134 1859 1204 1908 esse
1220 1841 1454 1926 dinosceretur,

323 1946 466 2016 dedisset
483 1955 515 2015 et
531 1948 738 2032 tradidisset3
765 1967 862 2030 quam
880 1947 1012 2031 quidem
1027 1948 1163 2014 tercium
1189 1955 1314 2031 partem
1346 1947 1452 2032 ipsius

323 2055 539 2140 possessionis
558 2056 642 2121 Korn
658 2055 721 2121 sibi
739 2062 771 2122 et
787 2055 831 2121 ad
848 2055 953 2141 ipsum
971 2054 1206 2140 pertinentibus
1239 2055 1388 2139 plenarie
1420 2063 1453 2120 et

322 2164 357 2229 in
373 2170 442 2230 toto
458 2163 557 2248 ijdem
573 2163 631 2246 filij
650 2163 808 2230 iohannis
824 2183 863 2230 ac
879 2161 1000 2229 Paulus
1032 2162 1117 2228 tilius
1150 2161 1276 2227 Nicolai
1308 2163 1354 2227 rti
1386 2181 1453 2227 non

323 2271 562 2357 permitterent;
589 2276 621 2336 et
638 2291 676 2337 ex
695 2290 733 2338 eo
752 2273 822 2357 ipse
838 2291 875 2337 se
890 2291 948 2355 per
964 2270 1097 2339 eosdem
1114 2269 1201 2336 tilios
1229 2269 1389 2337 Johannis
1420 2275 1454 2333 et

323 2377 459 2443 Paulum
475 2377 643 2443 informari
660 2378 826 2460 voluisset,
844 2399 908 2462 qua
924 2379 1053 2444 racione
1069 2377 1133 2444 sibi
1150 2383 1182 2444 et
1192 2376 1281 2443 adse
1291 2376 1453 2462 pertinen-

322 2485 411 2551 tibus
428 2483 564 2551 eandem
581 2491 668 2552 terre
685 2485 882 2570 particulam
899 2487 960 2552 stb.
984 2487 1029 2551 vti
1046 2504 1109 2550 non
1134 2483 1360 2567 permitterent
1389 2483 1452 2550 stb.

324 2593 358 2658 in
375 2593 500 2660 oetauis
526 2591 602 2658 festi
630 2593 725 2658 Beati
758 2592 889 2677 Georgij
923 2592 1064 2660 martiris
1097 2592 1334 2676 possessionem
1366 2591 1453 2655 Kwn

323 2699 500 2767 secundum
516 2704 663 2764 tenorem
688 2698 722 2764 iu
755 2699 958 2778 continencia
987 2699 1167 2765 litterarum
1198 2695 1452 2782 privilegialium

324 2807 445 2875 domini
461 2806 540 2872 Bele
555 2806 717 2890 quondam
734 2805 876 2872 illustris
892 2807 991 2890 Regis
1008 2806 1174 2888 Hungarie
1199 2803 1306 2872 felicis
1331 2824 1452 2870 memo·

324 2917 371 2983 rie
387 2935 443 3000 per
460 2916 565 3000 ipsum
581 2913 764 2980 Johonnem
780 2914 972 2980 Litteratum
989 2915 1040 2982 vel
1057 2933 1150 2979 sunm
1166 2912 1362 2996 legittimum
1380 2932 1452 2995 pro·

321 3031 506 3090 curatorem
532 3022 613 3086 inibi
640 3022 674 3087 in
690 3021 800 3105 speeie
817 3021 1075 3088 exhibendarum
1092 3027 1196 3086 metas
1213 3018 1360 3086 eiusdem
1379 3039 1451 3102 pos·

324 3129 478 3198 sessionis
495 3129 579 3194 Kwn
594 3130 628 3194 in
645 3148 680 3194 se
698 3127 939 3194 deelaraneinm
957 3129 1019 3194 stb.
1038 3128 1279 3195 reambnlarenl
1295 3127 1357 3191 stb.
1391 3124 1452 3211 (Aa

325 3232 1120 3322 egrilraptalaunalrjelenteseanitartalmazta)
1137 3231 1222 3319 qnod
1241 3233 1303 3316 ipsi
1337 3231 1374 3318 (t.
1393 3231 1453 3298 ia
1518 3317 1520 3322 Ι
1555 3307 1560 3316 .

323 3344 445 3430 kirelyi
472 3347 506 3409 ts
532 3341 760 3424 kiptalanbdli
787 3341 955 3430 emberek)
988 3343 1021 3407 in
1054 3340 1156 3409 dictis
1183 3340 1307 3405 octaris
1338 3336 1452 3406 Sancti

324 3452 457 3538 Georgij
491 3449 705 3516 accessissent
737 3447 913 3515 adfaciem
931 3449 1146 3534 possessionis
1161 3447 1246 3513 Korn
1261 3453 1453 3532 prenotate3

324 3562 377 3627 vbi
394 3561 456 3645 ipsi
473 3558 565 3624 iuxta
582 3555 895 3625 demonstrationem
912 3557 1064 3624 Currendi
1096 3556 1152 3643 filij
1186 3553 1272 3619 Petri
1304 3553 1345 3618 de
1375 3555 1450 3620 Kis-

323 3668 418 3734 falud
449 3665 667 3749 procuratoris
700 3665 842 3732 eiusdem
876 3665 1034 3733 Johannis
1059 3663 1206 3730 Litterati
1224 3665 1294 3745 sib„
1312 3679 1453 3728 necnon

325 3773 428 3842 eciam
469 3771 646 3839 secundum
687 3772 925 3838 continenciam
975 3771 1154 3839 litterarum
1195 3767 1454 3852 priuilegialium

325 3880 461 3950 condam
495 3878 617 3948 domini
647 3880 726 3946 Bele
758 3880 858 3963 Regis
890 3879 1058 3964 Hungorie
1089 3873 1261 3946 recolende
1296 3879 1453 3945 memorie

325 4011 383 4076 per·
415 3989 533 4056 dictum
566 3988 743 4056 Corradum
775 3988 856 4055 inibi
888 3988 919 4053 in
953 3987 1061 4073 specie
1103 3985 1317 4052 exhibitarum
1348 3989 1454 4052 melas

282 4147 287 4152 -
320 4099 409 4166 dicte
455 4096 669 4182 possessionis
709 4096 784 4161 Kun
814 4097 1086 4170 -reambulassent
1126 4097 1188 4161 isto
1229 4089 1325 4158 modo
1342 4116 1349 4155 :
1366 4090 1455 4175 quaed

325 4207 429 4292 primo
446 4201 643 4289 incepissent
658 4204 748 4270 iuxta
778 4201 912 4269 fluuium
945 4202 1092 4287 Sepone
1123 4201 1223 4284 plage
1255 4197 1406 4265 orientali
1422 4205 1457 4264 et

324 4335 348 4379 a
364 4319 456 4397 parte
487 4311 705 4399 possessionis
737 4310 973 4396 Tamasffolua‚
1006 4309 1157 4377 videlicet
1173 4309 1263 4374 circa
1279 4307 1453 4390 quemdam

326 4423 430 4488 locum
448 4419 662 4505 paludosnm;
687 4419 773 4485 vnde
800 4416 843 4484 ad
874 4418 994 4485 dictam
1026 4419 1162 4505 plagam
1192 4413 1406 4499 egredientes,
1423 4420 1456 4483 et

322 4531 360 4592 in
376 4529 469 4592 terris
500 4528 679 4595 arabilibus
705 4547 881 4614 parumper
897 4533 1102 4596 transeuntes
1119 4524 1283 4594 venissent
1298 4523 1342 4628 ad
1359 4541 1459 4607 quen·
