3182 5200
804 385 966 494 je-

323 583 479 656 liaroelto
496 587 659 674 Baeiensi,
685 583 762 654 Jula
778 585 1006 673 Budrugieusi,
1034 581 1194 652 Michaele
1225 576 1458 667 Wichoriensi‚

326 735 364 748 —-
382 733 426 746 -
442 695 647 782 Berenicen,
679 695 816 764 Nicolao
833 695 953 764 Ceriali
969 690 1086 759 Comiti
1102 690 1307 774 Kewenensi,
1340 687 1453 754 Ochus

323 804 547 892 Suproniensi‚
580 803 673 870 Moch
691 803 880 872 Posouiensi
912 800 1090 869 Comitatus
1121 796 1317 878 tenentibus,
1349 795 1455 880 Regni

323 914 426 980 nostri
443 931 530 979 anno
547 911 670 994 quinto.

324 1113 383 1176 (IV.
404 1083 634 1177 Belahiralynah
655 1110 766 1161 rats-ki
784 1108 951 1176 megsrdsitd
980 1101 1235 1173 privilegiurulhdl,
1264 1105 1337 1156 mint
1360 1103 1453 1154 alilah.

408 1199 464 1252 Solu
483 1200 597 1252 hibtval
614 1199 718 1252 kiadva
735 1200 863 1265 Fejerndl
882 1199 947 1250 cod.
966 1197 1041 1260 Dipl.
1061 1197 1112 1247 111.
1133 1198 1159 1246 k.
1181 1201 1203 1244 1.
1223 1209 1245 1244 r.
1267 1199 1309 1244 82.
1329 1194 1359 1258 l.)

755 1487 1023 1498 ..-.----—-

864 2024 920 2094 dl.

329 2228 376 2294 ΙΙ.
409 2227 516 2292 Eudae
548 2223 724 2312 ltr'rdlpuole
755 2225 944 2311 ounepdpes
970 2225 1219 2310 prior'lepiumc,
1259 2225 1406 2312 melylyel
1435 2247 1463 2289 a·

329 2336 610 2422 templomrsudrtrle
625 2333 798 2403 dalmatiai
813 2336 845 2400 ds
858 2335 1102 2418 horcdtorszdpi
1116 2334 1256 2400 hirtoledt
1266 2337 1457 2420 amperdoiti.
1566 2367 1568 2406 s

847 2443 944 2508 1209.

438 2644 478 2712 Iu
508 2640 638 2708 nomine
654 2639 773 2708 Sancte
788 2637 958 2706 Trinitatis
974 2645 1006 2706 et
1020 2636 1191 2706 Indiuidue
1203 2636 1359 2709 Unitatis.
1384 2641 1451 2708 Au·
1566 2651 1568 2680 ¹

333 2751 428 2816 dress
444 2749 507 2816 Dei
523 2749 636 2834 gracia
651 2749 828 2832 Hungarie‚
843 2748 1027 2833 Dalmaeis,
1044 2747 1187 2834 Cressis,
1202 2749 1313 2836 Rame,
1331 2749 1455 2838 Serrie,
1565 2761 1568 2820 t

332 2859 483 2945 Gallicis,
498 2857 751 2942 Lodomerieque
767 2858 836 2924 Rex
848 2855 881 2923 in
891 2864 1090 2943 perpetuum.
1106 2855 1198 2922 Licet
1216 2857 1365 2924 omnihus
1377 2858 1453 2926 fidei
1566 2883 1568 2944 ;

332 2965 519 3033 Christiane
535 2963 714 3031 cultoribus
732 2962 837 3047 Regis
853 2960 1019 3030 Celsitudo
1036 2962 1207 3029 subvenire
1223 2967 1382 3051 teneatur,
1394 2965 1457 3032 hiis

332 3073 534 3161 potissimum
551 3091 651 3156 opera
666 3070 888 3138 misericordie
905 3070 1107 3154 propensiori
1124 3089 1203 3136 cura
1219 3068 1317 3138 debet
1335 3071 1459 3156 impen·
1566 3055 1568 3136 l

331 3181 421 3267 dere,
446 3181 502 3266 qui
527 3185 557 3246 et
582 3179 717 3245 Crucem
732 3177 944 3245 Salutiferam
969 3183 1001 3242 et
1025 3179 1215 3263 Sepulcrum
1248 3178 1457 3244 Dominicnm
1566 3215 1568 3246 2

333 3296 445 3356 contra
474 3287 690 3356 cottidianum
722 3287 877 3372 impetum
910 3305 1111 3370 paganorum
1135 3287 1259 3371 proprii
1284 3286 1458 3369 sauguinis
1566 3359 1567 3364 ,

333 3395 489 3463 effusione
506 3393 715 3462 laudabiliter
731 3401 763 3461 et
780 3395 896 3462 devote
911 3393 1082 3461 contovere
1097 3402 1284 3464 noscuntur.
1301 3397 1460 3462 Fratrum

334 3505 431 3588 igitur
446 3503 566 3569 llilicie
576 3502 704 3590 Templi
715 3503 903 3586 religiosam
920 3501 1127 3576 devocionem
1145 3511 1176 3570 et
1193 3501 1345 3570 assiduos
1363 3504 1456 3572 laho-

333 3632 395 3695 τος,
418 3629 500 3692 quos
519 3611 562 3675 ab
578 3609 725 3676 hostibus
758 3609 869 3676 Crucis
900 3609 1021 3676 Christi
1038 3609 1245 3677 incessanter
1276 3610 1453 3695 perferunt,

332 3715 577 3784 considerantes
594 3723 626 3785 et
641 3717 749 3785 veraci
766 3717 888 3784 iudicio
905 3717 1183 3805 commendantes,
1201 3718 1338 3802 dignum
1354 3725 1388 3784 et
1404 3737 1457 3784 ne·

332 3824 509 3891 cessarium
526 3823 676 3892 duximus
693 3843 803 3894 omues
819 3825 1036 3912 Templarios,
1053 3826 1108 3910 qui
1128 3826 1215 3892 iufra
1230 3826 1334 3907 Regni
1356 3827 1458 3892 nostri

332 3943 408 4000 suut
424 3933 589 4020 terminos,
605 3939 637 4000 et
653 3941 719 4000 taur
736 3935 768 4000 in
785 3935 958 4000 Dalmaeia
988 3954 1085 4017 quam
1104 3935 1136 4000 iu
1154 3933 1325 4018 Chroacis,
1343 3940 1376 3998 et
1394 3952 1461 3998 om·

333 4042 389 4108 uia
404 4042 590 4108 eorumdem
607 4042 692 4108 bona
709 4043 843 4110 mobilia
853 4055 885 4107 et
896 4043 1075 4108 immobilia
1092 4044 1211 4126 ubique
1228 4047 1459 4123 coutraquem-

333 4150 413 4216 libet
436 4148 598 4216 hominem
615 4159 790 4236 protegere,
808 4157 841 4215 ut
858 4151 1027 4235 proposito
1044 4170 1102 4216 stre
1121 4151 1306 4218 devocionis
1336 4150 1456 4232 Regali

335 4260 447 4342 gracia
464 4265 496 4324 et
510 4259 628 4326 virtute
644 4259 747 4326 securi
780 4259 958 4340 tranquilla
975 4278 1056 4344 pace
1075 4261 1143 4343 regi
1160 4259 1289 4327 Christo
1314 4257 1458 4327 deservi·

335 4374 402 4432 aut.
418 4364 524 4449 Regia
539 4366 731 4432 auctoritate
747 4366 991 4436 constituimus:
1019 4376 1054 4434 ut
1071 4369 1181 4432 nullus
1197 4369 1310 4434 Barrus
1326 4369 1378 4434 vel
1397 4370 1459 4436 Ba·
1566 4437 1568 4444 ,

335 4473 430 4558 nilus,
444 4475 494 4541 rel
511 4473 631 4558 aliquis
648 4477 733 4542 alius
745 4474 778 4538 iu
789 4475 900 4558 Regno
918 4483 1028 4541 uestro
1045 4476 1235 4541 descensum
1254 4477 1305 4543 vel
1322 4476 1461 4560 aliquod
1567 4543 1568 4556 p

335 4581 488 4649 tributum
506 4582 558 4648 vol
590 4582 760 4649 collectam
778 4583 828 4648 vel
846 4583 965 4650 liberos
996 4581 1147 4650 denarios
1161 4583 1233 4650 sive
1249 4586 1463 4672 marturinae,
1566 4597 1568 4606 ⁴

336 4690 389 4760 rel
412 4689 565 4758 denarios
596 4689 759 4777 ponderis,
784 4691 834 4759 uel
853 4691 1059 4760 exaccioneur
1077 4693 1223 4776 aliquam
1240 4694 1312 4758 sire
1329 4688 1464 4779 aliquod
1566 4687 1568 4708 ⁵
