3160 5208
653 328 814 432 Q

169 521 273 604 Regia
303 522 336 588 in
368 533 558 609 perpetuum
590 526 793 594 dotavimus:
825 530 984 609 quatenus
1014 527 1164 592 salinarii
1194 543 1296 610 snper

170 626 291 694 llarisii
323 627 454 695 fluvium
498 631 666 698 constituti
698 632 738 698 de
779 630 906 698 salibus
936 630 1106 718 aquaticis,
1149 630 1294 699 eiusdem

12 761 14 784 ι
64 813 70 819 ,
164 734 313 813 .-Ecclcsie
341 735 516 804 Canonicis
548 746 580 804 ct
610 757 675 806 nou
706 739 877 825 Episcopo,
906 738 1018 806 valens
1057 739 1295 824 quinquaginta

170 861 293 909 marcas
323 842 364 910 de
394 844 519 911 salibus
549 845 585 913 in
601 847 671 913 loco
703 849 760 929 qui
787 851 922 914 vocatur
953 843 1107 931 Zegcdin‚
1125 846 1295 913 annuatim

169 953 241 1015 ante
271 951 393 1017 festum
424 951 537 1018 Sancti
569 953 672 1038 Regis
695 951 855 1037 Stephani
885 952 1071 1036 persolvere
1111 956 1295 1033 teneantur,

168 1074 204 1120 ac
233 1054 300 1122 iam
334 1055 432 1126 dictis
462 1057 634 1128 canonicis
672 1079 774 1145 usqne
815 1058 1012 1143 Zagrabiam
1043 1060 1168 1142 absque
1207 1059 1293 1126 omni

168 1161 284 1230 tributo
326 1165 548 1250 deportandis,
588 1172 622 1232 et
652 1185 724 1233 cum
766 1164 954 1232 omnimoda
985 1163 1154 1250 libertate,
1187 1163 1214 1233 si
1246 1166 1295 1233 eis

168 1269 346 1353 expedierit
377 1271 564 1340 venditioni
596 1270 808 1358 exponendis.
859 1269 977 1339 Verum
1009 1271 1086 1353 qnia
1117 1273 1165 1338 rei
1198 1280 1291 1358 geste

168 1378 325 1443 memoria
355 1375 447 1444 facili
479 1379 576 1465 lapsu
592 1379 775 1446 mortalium
791 1384 916 1444 mentes
948 1374 1079 1463 deserit,
1097 1384 1206 1462 etque
1235 1379 1293 1465 pia

164 1481 308 1550 fidelium
335 1483 478 1571 disponit
503 1487 660 1554 sedulitas
675 1487 709 1553 in
734 1485 841 1573 sopito
866 1485 1123 1568 malignancium
1152 1486 1293 1571 impulso

166 1589 362 1674 quandoque
379 1593 516 1678 contigit
541 1594 709 1679 vacillare,
741 1598 778 1661 ut
808 1593 869 1661 hoc
885 1612 906 1660 a
922 1593 1015 1660 nobis
1030 1612 1089 1678 pro
1113 1599 1294 1660 nostrorum

166 1697 356 1764 remissione
372 1708 589 1787 peccatorum,
606 1701 727 1774 Divine
741 1700 874 1784 pietatis
898 1699 1027 1787 intuitu,
1044 1698 1189 1782 legitime
1205 1698 1296 1767 lecta

165 1803 299 1888 largicio
315 1825 382 1873 non
397 1826 456 1893 per
472 1807 661 1892 mimarios,
679 1827 744 1873 non
770 1827 829 1892 per
844 1805 1030 1891 qnempiam
1046 1805 1146 1872 alium
1161 1805 1297 1873 alterari

165 1909 216 1975 rel
232 1913 406 1978 retraetari
425 1913 542 1998 valeat,
558 1912 654 1980 buius
671 1914 899 1981 execucioncm
930 1912 1058 1997 negocii
1084 1913 1156 1980 ricc
1172 1919 1296 1999 nostra,

164 2015 286 2085 Sancte
313 2018 499 2086 Colocensis
525 2021 672 2088 Ecclesie
702 2019 952 2106 Archiepiscopo
983 2017 1211 2101 commisimus,
1247 2019 1297 2086 ita

164 2122 331 2210 videlicet,
361 2133 397 2192 ut
436 2129 567 2194 excluso
608 2126 750 2212 quolibet
800 2126 1028 2194 salinariorum
1072 2132 1104 2192 ct
1151 2124 1293 2194 aliorum

163 2232 384 2312 quorumlibet
399 2236 600 2318 gravamine,
616 2254 797 2321 sumpmam
813 2234 879 2300 iam
895 2233 980 2302 dicte
995 2235 1133 2320 pecunie
1148 2232 1295 2317 quolibet

164 2355 249 2404 anno
265 2339 365 2423 plene
379 2340 481 2408 faciat
497 2341 679 2426 adimpleri.
696 2343 737 2406 Et
752 2348 788 2407 ut
799 2341 860 2410 hec
876 2360 934 2426 per
944 2341 1053 2408 omnia
1068 2359 1293 2408 successorum
1394 2337 1404 2347 “

163 2451 351 2512 nostrorum
369 2454 514 2532 tempora
540 2449 633 2515 salva
649 2468 780 2533 semper
797 2455 829 2515 et
855 2450 1047 2515 inconcussa
1071 2458 1296 2534 permaneant,

162 2559 349 2635 presentem
383 2555 600 2622 consensimus
632 2555 787 2640 pagiuam
813 2551 913 2638 sigilli
939 2554 1043 2622 nostri
1068 2553 1243 2620 munimine
1260 2555 1294 2622 in

160 2664 357 2743 perpetuum
373 2664 568 2729 roboratam.
586 2663 705 2728 Datum
722 2683 782 2748 per
797 2683 912 2728 munus
936 2661 1074 2745 Hngrini
1092 2657 1177 2727 Aule
1192 2661 1295 2744 Regis

164 2763 362 2851 cancelarii,
388 2786 476 2832 anno
502 2773 545 2833 ab
570 2767 803 2835 lucarnacionc
829 2767 959 2833 Domini
976 2763 1167 2832 Mccxvn.
1193 2766 1297 2833 Vcnc·

35 2955 41 2970 ·
164 2871 260 2936 rabili
288 2869 438 2939 Johannc
458 2875 686 2958 strigoniensi,
713 2872 903 2940 Reverendo
928 2871 1104 2937 Bertboldo
1122 2871 1294 2939 colocensi
1319 2927 1324 2932 .

163 2977 428 3063 Archiepiseopis
476 2980 711 3067 existentibus,
768 2978 891 3044 Caleno
938 2975 1294 3067 Quinqucecclesiensi,

163 3084 337 3153 Desiderio
378 3086 609 3169 chanadicnsi,
666 3085 826 3152 Vilbelmo
865 3085 1103 3170 Transylvano,
1145 3085 1287 3154 Roberto

165 3193 423 3279 wesprimiensi‚
440 3194 572 3261 Simone
590 3193 794 3276 Varadiensi,
820 3191 916 3258 Pctro
941 3189 1146 3275 (taurinensi,
1172 3193 1296 3262 Jacobo

165 3299 330 3386 Vaciensi,
362 3299 534 3386 Stephano
566 3301 792 3386 Zagrabiensi,
824 3300 951 3367 Thomu
983 3298 1138 3381 Agricnsi
1171 3300 1295 3387 Electa

163 3405 339 3491 Episcopis
370 3407 535 3476 Ecclesiae
567 3407 704 3474 feliciter
735 3407 1000 3491 gubernantibus
1033 3404 1108 3471 Jula
1134 3403 1296 3490 Palatino,

163 3513 326 3601 Dyonisio
357 3514 509 3598 Magistro
539 3515 794 3582 'I'avarnicorum
837 3520 870 3580 et
900 3511 1024 3580 Oomitc
1055 3511 1141 3578 Novi
1182 3513 1294 3599 castri,

164 3623 321 3690 Bancone
352 3621 458 3707 Bano,
488 3619 599 3690 chuz
630 3621 752 3689 Ouriali
784 3619 1292 3706 comite,1tapnoynv0yw0da

165 3732 345 3813 ceterisque
363 3729 541 3798 comitibus
558 3729 737 3797 Comitatus
747 3730 944 3797 tenentibus.
961 3727 1066 3813 Regni
1082 3733 1183 3796 nostri
1209 3748 1295 3795 anno

161 3839 266 3906 tercio
285 3837 420 3904 decimo.

252 4034 414 4098 (Tkalcrics,
433 4037 557 4092 Menum.
578 4037 644 4088 hist.
663 4037 754 4099 Episc.
775 4035 969 4100 Zagrabiensie
989 4035 1010 4082 Ι.
1031 4036 1088 4084 kdt.
1110 4037 1152 4082 lt.
1172 4035 1202 4094 l.)

599 4321 863 4330 ...---.·—.—-—--
