3116 5186
591 1005 664 1071 166.

76 1198 195 1285 Rapoza
209 1203 306 1264 odron
323 1202 355 1264 er
372 1199 446 1266 Ittc'o
464 1222 566 1266 comes
582 1201 678 1266 nibai
693 1199 853 1268 Grcbeaeo
869 1201 1028 1268 comeonsis
1036 1199 1088 1282 fla
1105 1200 1189 1265 boeti
1313 1205 1316 1210 “

364 1308 554 1394 bordtedpoe
570 1307 765 1394 eyyeakeder.
787 1307 883 1373 1231.

163 1503 255 1569 Anno
299 1503 538 1570 incarnationis
580 1503 712 1572 Domini
753 1503 921 1570 millesimo
964 1492 1187 1570 ducentesimi>

0 1670 3 1685 ἲ
79 1607 235 1675 tricessimo
261 1610 378 1696 primo,
406 1612 528 1678 mensis
553 1610 747 1678 Novembris
774 1609 884 1696 quinto
911 1607 1036 1676 decimo
1063 1607 1125 1694 die,
1153 1611 1186 1675 in

0 1798 3 1803 ἱ
71 1715 194 1782 civitate
217 1717 371 1802 Ragusii‚
399 1718 432 1783 in
459 1719 621 1787 Ordinata
658 1717 757 1786 Curia
784 1738 855 1785 cum
881 1719 990 1784 sonitu
1016 1737 1185 1802 campane.

0 1888 3 1897 ,
75 1821 172 1889 Coram
196 1824 362 1907 presentia
390 1825 512 1893 domini
542 1825 706 1893 Jobannis
731 1825 878 1894 Danduli
904 1823 1027 1908 Militis,
1053 1823 1186 1907 Ragusii

75 1928 196 2016 Comitis,
228 1940 261 1998 et
292 1951 401 2000 coram
436 1935 528 2000 vobis
561 1935 756 2019 subscriptis
792 1935 938 2000 testibus.
964 1933 1032 2015 Ego
1058 1929 1186 2014 quidem

74 2033 170 2105 Comes
194 2037 323 2126 Helias,
350 2038 437 2107 filins
455 2039 619 2108 Grnbesse
636 2040 799 2126 qnondam
817 2038 975 2121 Comitis3
1002 2037 1186 2103 conveniet

0 2224 2 2229 ,
74 2145 245 2214 concordavi
272 2167 328 2213 me
353 2154 536 2233 spontanea
548 2167 622 2216 mea
640 2152 725 2217 bona
743 2149 911 2215 voluntate
921 2168 991 2215 oum
1011 2143 1186 2212 Commune

2 2312 4 2321 ,
74 2249 188 2337 Ragnsii
205 2253 246 2321 de
263 2255 414 2322 omnibns
426 2255 532 2322 causis
544 2261 635 2340 meis,
647 2255 853 2342 etpropriom
865 2273 1004 2321 meorum
1022 2254 1186 2320 hominum

75 2379 140 2441 qaae
154 2363 297 2429 tulerunt
309 2361 343 2428 in
360 2363 500 2448 Corcira,
513 2373 550 2430 ut
561 2364 678 2432 amodo
695 2365 728 2430 in
746 2371 845 2431 antea
862 2364 1038 2430 Commune
1053 2363 1186 2446 Rogusii

0 2530 4 2559 Ξ
75 2472 125 2532 ton
140 2490 217 2536 amc
234 2491 367 2554 quama
384 2473 466 2540 meis
482 2473 657 2540 heredibus
670 2481 702 2540 et
716 2494 737 2538 a
753 2471 889 2558 propriis
908 2471 987 2538 meis
1003 2469 1185 2537 bominibus

3 2646 4 2653 χ
75 2587 241 2658 permaneat
274 2579 420 2664 quietum
438 2587 470 2646 et
501 2581 572 2648 sine
589 2580 791 2665 querimonia
819 2582 853 2645 in
886 2587 1042 2646 eternum.
1061 2581 1100 2646 Et
1126 2599 1186 2645 nos

3 2748 4 2757 ,
75 2682 237 2753 Communis
264 2687 404 2770 Ragnsii
422 2693 554 2774 propter
571 2695 660 2755 tuam
677 2689 855 2756 bonitatem
872 2696 903 2755 ct
919 2687 1095 2754 amicitiam
1113 2688 1181 2773 tibi,

76 2786 185 2858 domine
201 2791 321 2861 Oomes
337 2793 446 2880 Helia,
464 2802 496 2861 et
512 2796 576 2863 tnis
591 2795 766 2864 heredibus
793 2804 825 2864 et
841 2795 907 2862 tuis
924 2795 1063 2879 propriis
1080 2795 1182 2859 bomi-

0 2942 3 2955 ,
77 2896 153 2967 nibus
177 2902 339 2988 volumus,
367 2911 403 2968 nt
430 2910 523 2990 porte
538 2909 651 2970 nostre
676 2903 818 2972 civitatis
835 2905 900 2970 sint
916 2908 1039 2988 aperte.
1058 2899 1107 2966 De
1123 2899 1182 2967 hoc

0 3088 2 3097 Α
77 3013 165 3072 antem
203 3016 280 3076 sunt
322 3009 387 3076 due
412 3018 500 3076 carte
539 3010 676 3098 similes,
712 3011 774 3079 hec
799 3020 832 3078 et
869 3011 956 3092 alia3
994 3009 1053 3076 heo
1079 3013 1187 3075 autem

76 3120 151 3180 carta
178 3116 267 3184 nullo
302 3115 486 3184 testimonio
505 3119 612 3204 rumpi
629 3117 741 3205 possit.
768 3118 823 3184 Hii
839 3127 914 3187 sunt
930 3125 1046 3186 testes:
1072 3114 1187 3184 Comes

76 3217 250 3308 Dragannus
268 3225 311 3293 de
328 3225 478 3308 Almisio,
495 3230 527 3294 ct
542 3226 648 3294 Borco
659 3226 765 3295 Jndex
782 3227 823 3293 de
840 3227 956 3314 Glissa,
973 3235 1006 3293 et
1021 3223 1187 3294 iohannes

76 3326 257 3415 Gondoleet
269 3331 448 3401 Gervasins
459 3331 588 3422 Marini,
600 3338 631 3400 et
642 3335 790 3404 Andreas
801 3336 964 3422 Debitos,
977 3343 1009 3402 et
1025 3334 1185 3400 Bubanna

33 3472 36 3480 ·
75 3434 1185 3527 PetriJnratiiudices,etPetrusBallislave,etDamianusBooinde,

24 3575 25 3578 =
77 3548 101 3605 et
133 3545 254 3614 'iborea
296 3548 424 3614 Pezane
466 3544 662 3637 Ooneiliarii,
696 3557 734 3617 et
768 3553 880 3620 Petras
910 3550 1010 3617 Ziela.
1045 3551 1086 3616 nt
1126 3567 1186 3631 ego

76 3653 213 3732 presbiter
236 3652 396 3737 Pascalis,
422 3661 455 3720 et
480 3655 667 3724 Communis
691 3656 845 3724 Notarius
871 3655 1014 3745 Juratus,
1041 3657 1180 3741 scriptor

74 3775 132 3824 snm
148 3770 178 3829 et
192 3762 295 3830 testis.

166 3961 305 4024 (Eredetie
323 3963 497 4027 bbrbartyan
518 3978 535 4012 a
554 3963 630 4014 becci
648 3963 769 4013 coaszari
789 3963 875 4013 titkor
894 3963 1088 4025 leveltirban.)

489 4249 756 4258 mapa——
