3184 5186
336 513 441 597 predij
459 521 493 580 et
508 512 679 580 seruicinm
696 513 932 581 antedictorum
948 512 1183 598 mancipiorum
1210 517 1243 578 et
1273 507 1468 578 ancillarum·

339 618 453 687 eadem
470 620 603 688 domina
618 620 708 687 Rosa
722 618 879 705 percipiet
893 618 1091 706 temporibus
1107 637 1166 686 sne
1181 617 1267 698 vite5
1290 617 1364 702 ipsa
1389 633 1476 680 uero

340 746 360 792 e
375 727 483 796 medio
500 726 639 794 feliciter
654 726 784 795 sublata
798 727 832 793 in
847 726 898 794 ius
914 735 947 794 et
962 724 1195 814 proprietatem
1223 721 1363 790 tiliarum
1395 738 1466 786 sua-

340 851 412 898 rum
427 832 689 918 supradictarum
706 832 917 900 demolirentur
933 832 1031 900 medo
1046 840 1079 899 et
1094 831 1208 900 ordine
1224 827 1473 913 suprascriptia-
1577 883 1579 920 p

341 939 382 1006 Iu
397 938 487 1006 cuius
502 940 549 1008 rei
566 937 755 1006 memoriam
770 945 803 1008 et
818 948 1010 1027 perpetuam
1024 939 1210 1007 firmitatem
1222 935 1466 1022 adpetitionem
1578 941 1579 952 ¹

341 1045 448 1132 ipsius
477 1045 609 1114 domiue
640 1047 725 1114 Rosa
757 1057 925 1132 presentes
956 1048 1086 1114 litteras
1118 1044 1336 1114 concessimus
1370 1041 1468 1124 sigilli

340 1153 446 1222 noemi
461 1151 638 1220 munimine
651 1152 832 1238 roboratas,
863 1173 949 1221 anno
964 1151 1090 1221 domiui
1115 1151 1290 1220 millesimo
1321 1148 1470 1214 ducente-

342 1265 426 1331 simo
442 1259 713 1347 quinquagesimo
729 1268 856 1349 octauo,
888 1269 1004 1349 quarto
1034 1281 1140 1331 nonas
1174 1258 1277 1344 Junij.
1315 1256 1480 1340 Magistro·
1578 1327 1579 1338 χ

340 1368 496 1456 Philippo
513 1367 660 1436 Ecclesia
676 1373 786 1436 nostre
802 1368 917 1437 Electo
933 1369 1008 1436 aule
1038 1369 1140 1454 Regis
1172 1360 1471 1447 vicecancellario‚
1578 1405 1579 1428 2

338 1475 496 1560 Gregorio
512 1475 661 1563 cantore,
690 1473 860 1544 Felicianc
886 1475 1037 1560 (lustcde,
1066 1475 1206 1542 Ambros
1236 1473 1372 1538 Decauo
1403 1468 1477 1535 exi·
1577 1493 1579 1550 ὴ

336 1583 507 1652 utentibus.

342 1783 486 1844 (Eredetie
504 1779 689 1846 borhtrtytn,
720 1780 839 1844 melyrdl
870 1795 887 1831 a
917 1781 1016 1846 pccstt
1047 1778 1201 1844 reu-sarge
1233 1773 1470 1839 sslyemzsiuorou

341 1874 431 1940 stiffi
464 1872 585 1934 pbndai
603 1871 657 1922 kir.
677 1869 804 1922 marai
823 1867 1000 1948 levelttrnak
1028 1867 1195 1934 Ztgrtbbun
1227 1867 1291 1916 levo
1320 1863 1479 1925 reszdbenit
1578 1915 1579 1918 ,

772 2151 1041 2168 β

870 2685 945 2754 elo.

341 2889 373 2955 A
390 2889 525 2973 zdprdbc‘
539 2887 698 2975 kdptalau
713 2887 820 2970 dtirja
845 2885 956 2950 Ictodu
986 2884 1169 2950 sclavonici
1200 2885 1332 2950 bduuak
1367 2885 1478 2971 serpo

342 3003 424 3062 uectt
432 2993 541 3084 stildct
557 2999 710 3082 tcirppuzo'
724 2993 958 3078 tlirodnpkczdei
973 2993 1181 3058 hutdrozotdt
1199 2991 1273 3059 sect
1292 3014 1389 3061 comm
1407 2993 1478 3076 fiai'

559 3105 590 3170 ts
606 3127 628 3168 α
644 3102 782 3168 octoadi
797 3101 1034 3187 corjoooeppolc
1049 3101 1133 3166 ledet.
1157 3101 1256 3166 1258.

452 3296 641 3383 Capitulum
657 3295 888 3380 Zagrabiensis
903 3295 1050 3362 Ecclesia
1066 3296 1217 3362 omuibus
1236 3294 1354 3362 Christi
1370 3293 1470 3360 fideli·

341 3407 402 3473 bus
419 3425 554 3492 presens
569 3406 726 3488 scriptum
740 3403 935 3490 inspecturis
951 3403 1089 3470 sulutem
1106 3401 1141 3468 in
1158 3403 1309 3469 Domino.
1332 3400 1387 3466 Ad
1404 3403 1468 3470 uui·
1577 3483 1579 3504 Ι

342 3531 509 3580 uersorum
524 3511 679 3580 noticiam
695 3511 811 3576 harum
826 3512 912 3578 serie
928 3511 1076 3577 uolumus
1093 3509 1274 3596 peruenire,
1299 3508 1388 3593 quod
1405 3509 1469 3576 Ste

341 3620 469 3706 phanus
482 3620 593 3687 Banus
608 3619 711 3686 tocius
728 3617 902 3686 Solauouie
918 3624 949 3684 et
966 3618 1165 3704 capitaneus
1182 3616 1284 3684 Stirie
1299 3617 1413 3682 missis
1428 3613 1469 3682 ud

342 3745 401 3793 nos
420 3726 537 3794 litteris
553 3725 621 3796 suis
637 3727 749 3814 pecijt‚
776 3733 810 3796 ul
836 3726 930 3794 iuxta
954 3732 1097 3793 tenorem
1128 3725 1310 3792 liltererum
1340 3741 1475 3790 suarum

342 3834 508 3904 stabilium
524 3834 723 3921 Brauychyo
737 3836 807 3903 filio
824 3835 902 3902 Selk
918 3840 951 3902 et
967 3833 1124 3901 fratribus
1151 3832 1220 3900 suis
1245 3849 1470 3900 concessarum

343 3963 440 4032 super
456 3941 551 4009 terris
569 3960 678 4010 corum
694 3941 964 4010 nostraslitteras
977 3939 1111 4010 stabiles
1122 3939 1351 4007 conferremus.
1367 3937 1479 4022 Super

343 4050 462 4134 quibus
477 4048 685 4135 priuilegium
701 4049 806 4136 ipsius
822 4049 904 4116 Bani
920 4047 1102 4134 recepimus
1119 4047 1152 4113 in
1169 4046 1229 4112 hec
1245 4045 1363 4113 uerba:

452 4156 522 4224 Nos
563 4156 749 4242 Stephanus
780 4157 893 4224 Banus
925 4157 986 4224 stb.
1020 4151 1234 4242 (kllvetkeuik
1262 4150 1377 4220 Istvnn
1406 4151 1470 4218 blm

345 4265 482 4336 moe-lu
498 4265 674 4351 okmtuya,
705 4266 787 4331 mint
803 4261 1082 4349 gyojtemenymk
1096 4259 1167 4327 Vll.
1184 4257 1301 4344 vngyis
1316 4277 1337 4325 a
1366 4259 1470 4324 meso·

343 4373 402 4440 dik
416 4373 539 4461 lolyam
556 4373 598 4438 ΙΙ.
614 4370 789 4440 kdteteben
804 4369 932 4458 491.1.)

451 4481 521 4547 Nos
535 4479 646 4561 itaque
661 4478 798 4566 predicti
813 4478 899 4545 Beni
914 4478 1008 4546 iustis
1035 4474 1249 4564 peticionibus
1280 4475 1476 4556 annuentes,
1577 4487 1579 4502 ·

342 4595 513 4674 presentes
530 4607 589 4674 pro
606 4585 735 4654 cautela
750 4584 865 4653 maiori
882 4584 1087 4669 contulimus,
1104 4581 1287 4651 munientes
1303 4579 1338 4646 iu
1348 4577 1475 4647 eisdem

1576 4587 1579 4628 l

1577 4635 1579 4668 Ι
