3116 5178
606 353 669 416 361

5 571 7 636 ζ
77 568 179 616 corum
196 567 268 616 esse
284 545 424 630 dicebat,
442 540 584 612 asseruit
601 570 609 610 ε
627 547 721 622 Quod
739 567 810 612 oum
842 549 926 616 inter
958 547 1091 634 lterum,
1123 548 1202 614 Sau-

5 681 7 686 e
81 653 147 736 lum,
163 655 363 736 lliehaelem¹
379 637 524 720 liaruum
543 661 575 720 et
593 655 682 722 Bene
698 676 756 740 pro
773 653 934 721 diuisione
951 663 1035 721 terre
1047 661 1200 722 etnemo·

81 765 118 829 ris
134 762 291 830 dissensio
307 769 377 830 orta
394 760 520 848 luisset,
554 763 687 829 tandem
704 763 923 830 mediantibus
942 762 1021 828 uiris
1047 761 1197 849 ydoneis,

5 933 9 944 ,
80 870 220 937 uidelicet
237 870 362 935 Comite
378 868 526 935 Achilleo
543 876 576 935 et
591 869 669 953 alijs
685 869 952 956 prouincialium,
968 869 1012 934 ad
1029 869 1128 936 talem
1146 868 1201 936 de-

5 985 6 990 ’
78 979 232 1044 uenissent
246 977 518 1061 composicionem
532 1000 539 1060 3
564 975 650 1061 quod
665 977 787 1060 Remeg
805 977 845 1042 de
861 985 949 1042 terra
965 996 1026 1043 sua
1041 975 1199 1044 heredita·
1295 1046 1305 1052 ,

5 1145 7 1176 5
78 1085 123 1152 ria
137 1085 243 1152 docem
260 1092 295 1150 et
311 1096 384 1150 omo
400 1084 513 1167 iugera
529 1091 613 1150 terre
629 1083 776 1151 dedisset
786 1083 909 1150 Simoni
921 1080 1020 1170 (igy),
1034 1083 1199 1169 Michaeli,

5 1239 6 1258 a
78 1192 177 1258 lluruo
194 1196 226 1255 et
242 1192 556 1276 Bonosupradictis‚
574 1198 607 1257 et
631 1193 695 1257 tria
727 1193 842 1274 iugera
875 1212 935 1276 pro
967 1210 1114 1275 nemorc3
1142 1192 1198 1257 tali

5 1283 8 1332 ἶ
80 1299 233 1381 mucione,
250 1298 339 1381 quod
353 1300 474 1381 Remeg
486 1299 538 1364 uel
549 1299 653 1383 ipsius
664 1317 867 1366 successores
880 1298 1035 1382 temporis
1048 1317 1200 1384 processu

5 1411 7 1468 l
79 1406 257 1470 nuliatenus
275 1423 332 1488 per
348 1405 381 1470 S.
399 1407 441 1472 ill.
459 1406 495 1468 B.
513 1412 545 1470 et
562 1407 603 1470 tl.
628 1405 809 1472 antedictos
839 1426 898 1490 pro
929 1404 1090 1472 diuisione
1115 1414 1200 1474 torre

5 1505 9 1598 ζ
79 1519 106 1576 et
121 1511 255 1578 nemoris
273 1511 392 1577 debeat
408 1513 512 1596 inpeli
529 1514 581 1578 uel
613 1513 800 1597 molestari;
824 1530 936 1578 verum
967 1512 997 1576 si
1029 1513 1070 1578 lis
1104 1534 1224 1597 super·

79 1617 130 1681 illa
146 1625 229 1682 terra
247 1617 408 1702 inciderit,
426 1638 523 1702 quam
541 1619 685 1704 tradidit,
704 1619 825 1702 Remeg
841 1617 940 1685 debet
957 1620 1106 1704 prosequi
1124 1642 1198 1687 cau·

5 1713 11 1792 l
78 1743 141 1789 sam
158 1745 226 1790 cum
244 1725 465 1810 supradictis3
491 1736 523 1791 et
539 1727 568 1792 si
584 1727 715 1794 eosdem
732 1746 790 1810 per
805 1725 951 1809 aliquam
969 1729 1200 1813 calumpniam,

5 1833 7 1840 ’
78 1830 189 1914 absque
206 1831 385 1897 homicidio
402 1835 454 1899 uel
471 1833 641 1900 latrocinio
658 1835 779 1901 dietam
795 1841 914 1899 ternam
932 1833 1081 1902 amittere
1098 1837 1199 1901 conti-

5 2011 8 2020 ?
78 1939 162 2023 gerit,
178 1939 304 2024 Rcmeg
320 1941 400 2026 ipsis
415 1941 609 2008 tantundem
634 1951 717 2009 terre
748 1944 916 2010 restituere
947 1943 1120 2009 tenebitur.
1160 1943 1200 2008 In

5 2065 13 2121 η
79 2046 160 2114 ouius
173 2049 220 2113 rei
238 2051 456 2117 testimonium
474 2052 517 2116 ad
533 2051 732 2118 instanciam
749 2059 781 2120 et
814 2051 1009 2135 peticionem
1037 2050 1202 2132 rtriusquo

5 2177 9 2204 ν
79 2155 172 2237 partis
210 2161 396 2240 presentem
436 2165 559 2226 cautam
599 2159 728 2242 utrique
759 2161 846 2245 parti
872 2160 1065 2226 corutulimus
1097 2157 1201 2241 sigilli

5 2327 7 2354 ζ
81 2263 170 2329 nostri
188 2263 587 2353 munimineroboratum;
635 2288 721 2334 auno
755 2269 796 2334 ab
821 2267 1055 2334 incarnacione
1070 2265 1201 2332 Domini

5 2367 6 2376 ²
78 2365 379 2438 uudcrxurnono.

80 2569 209 2628 (Eredetie
241 2571 428 2636 bdrhrtrtydn,
460 2572 590 2636 melynek
621 2570 746 2636 pecsdtje
778 2571 933 2634 elvsszett;
964 2571 1040 2620 latiali
1072 2571 1202 2621 Horvttlu

572 2661 702 2725 llihstly.)

627 2945 770 2952 ..ΜΗ-

83 3673 236 3744 Rodoazld
254 3679 367 3744 latoria
383 3677 471 3742 saer-u
487 3677 609 3762 driuu'ly,
634 3678 822 3763 usurpet-<tuiti⁸
850 3671 981 3741 Gutture
1008 3682 1103 3742 odron
1134 3678 1205 3762 rc'pi

329 3784 590 3868 priuilepiomcit
606 3785 637 3848 da
653 3783 818 3849 dirtoleait.
846 3785 942 3849 1250.

179 3977 291 4047 Gloria
306 3979 345 4064 ei,
362 3979 416 4063 qui
432 3978 574 4044 continet
584 3979 703 4062 omnia,
721 3977 791 4044 Deo
801 3985 920 4061 nostro,
933 3977 1021 4043 Coeli
1033 3985 1202 4059 terraeque

83 4085 238 4172 conditori,
270 4095 304 4154 et
328 4087 409 4154 Filio
426 4088 497 4153 eins
513 4086 714 4170 Divinitatis‚
746 4088 887 4168 itemque
904 4085 1036 4170 Spiritui
1070 4085 1201 4150 Sancto.

83 4189 186 4259 Gloria
201 4195 316 4262 iterum
332 4195 402 4279 tibi,
419 4194 644 4278 semperDeus
656 4213 756 4276 mous,
773 4195 1201 4276 Imperatorlmperatorum

85 4301 111 4360 et
125 4295 276 4367 Dominus
293 4303 514 4383 Dominarum,
531 4301 622 4368 cuius
648 4321 742 4366 uerae
759 4306 791 4364 et
822 4298 983 4382 gloriosae
1019 4297 1204 4364 Diuiuilalis

84 4407 183 4474 omnia
197 4417 333 4493 accepta
349 4408 526 4474 referimus.
548 4407 610 4493 Tu,
626 4405 775 4491 Domine,
794 4426 828 4471 es
847 4405 1025 4490 Imperator
1042 4413 1075 4471 et
1090 4404 1200 4470 Domi-

85 4526 151 4596 nus,
180 4499 234 4597 qui
250 4534 302 4581 res
319 4535 430 4584 omnes
446 4515 548 4582 tueris
565 4520 596 4580 ct
613 4533 799 4599 conservas,
832 4512 929 4580 ualde
956 4513 1136 4580 misericors
1169 4513 1202 4578 in

85 4610 218 4688 hominos
234 4640 255 4686 a
270 4630 301 4689 tc
317 4631 516 4711 procreatos,
550 4622 605 4706 qui
622 4641 681 4706 pro
713 4628 770 4688 tua
804 4622 965 4687 imulensa
997 4619 1204 4688 miseratione
