3116 5186
802 227 961 330 Q

316 425 595 512 rogatiuanostrn
612 423 753 510 amplius
785 433 940 510 perpetue
968 424 1156 496 nullatenus
1187 425 1338 493 volumus
1371 439 1446 493 esse

318 537 492 617 obligatos.
516 533 626 600 Tenor
641 540 747 598 autem
765 531 933 618 priuilegij
963 533 1043 600 Bele
1068 533 1122 599 aui
1147 533 1247 601 nostri
1280 535 1448 620 quondum

318 646 422 715 incliti
438 643 538 728 Regis
555 641 726 724 ilungarie
743 643 820 708 tatis
837 650 905 708 est:

402 771 405 776 ⁴
424 753 462 818 In
479 752 607 818 nomine
624 750 685 816 stb.
703 749 784 815 Bcla
801 749 861 816 stb.
887 748 1099 827 (kovetkezik
1125 749 1185 818 111.
1211 751 1291 818 Belo
1323 751 1450 841 kirtly-

318 863 385 927 uek
405 858 541 929 lios-ki
556 855 796 943 privilegiuma,
812 857 895 922 mint
910 857 1042 923 ientebb
1059 860 1103 925 34
1129 879 1173 925 sz.
1191 856 1236 946 a.)

426 970 535 1036 Terror
574 984 650 1032 vero
689 965 857 1050 priuilegij
899 964 1001 1050 Regis
1042 964 1177 1034 Andree
1207 967 1310 1053 patris
1342 968 1451 1036 nostri

208 1167 211 1174 .
317 1078 396 1146 talis
413 1083 480 1146 est:

426 1185 464 1250 Iu
481 1181 609 1251 nominc
623 1183 685 1249 stb.
702 1179 849 1249 Andreas
867 1182 928 1252 stb.
956 1179 1171 1268 (kovetireziir
1188 1185 1228 1249 ΙΙ.
1254 1183 1364 1252 Endre
1399 1183 1450 1250 ki·

319 1294 393 1380 rtly
412 1292 547 1360 1223-ki
565 1290 804 1377 privilegiuma,
820 1290 901 1356 mint
918 1290 1066 1376 Fejernel
1084 1287 1161 1359 cod.
1178 1291 1265 1376 Dipl.
1290 1291 1352 1360 III.
1380 1291 1454 1361 kur.

321 1409 349 1466 1.
368 1405 438 1466 reso
454 1405 531 1470 403.
550 1401 586 1479 l.)

427 1509 548 1575 Datum
566 1509 653 1594 apud
670 1509 867 1592 Tragurium
887 1508 957 1575 VI⁰.
975 1508 1048 1575 idus
1064 1507 1179 1594 Marcij
1206 1531 1292 1580 anno
1318 1510 1456 1580 Domini

322 1616 545 1685 nocemur.
567 1616 673 1702 Regni
689 1621 801 1683 autem
817 1618 921 1684 nostri
937 1636 1025 1683 anno
1041 1617 1189 1704 septimo.

322 1817 381 1878 (lv.
406 1817 474 1869 Belo
499 1817 649 1886 kirtiynalr
671 1817 782 1870 l25l=iri
817 1816 986 1882 megertisito
1024 1817 1230 1884 okmanytbol‚
1263 1819 1337 1870 mint
1367 1820 1457 1874 meno

771 1911 832 1958 259.
855 1921 892 1958 sz.
913 1907 1006 1971 alatt.)

750 2195 1019 2208 a*

851 2647 924 2716 231.

324 2847 385 2913 IV.
402 2847 486 2911 Be'lo
502 2845 679 2930 loirciiyaoi·
690 2865 857 2930 poraocco
873 2847 978 2911 De'nes
994 2844 1122 2929 barilion,
1153 2848 1235 2932 kopp
1251 2871 1273 2912 o
1298 2849 1456 2935 topusiuii

323 2960 465 3043 updtscip
472 2956 618 3040 jooaica
638 2951 740 3020 Olina
756 2956 882 3040 helpcep
898 2956 971 3018 noar
993 2977 1015 3019 o
1038 2954 1207 3020 auraretur
1233 2955 1456 3041 ozaootpozza„

841 3065 937 3130 1242.
993 3155 995 3160 ,

430 3260 512 3326 Belo
550 3263 613 3326 Dei
648 3260 760 3344 grauia
793 3259 961 3344 Huogarie
988 3261 1061 3327 Rex
1089 3261 1238 3329 omuibus
1266 3267 1456 3346 presentem

322 3369 472 3454 peginam
489 3367 680 3453 inspecturis
697 3368 835 3435 salutem
850 3368 883 3433 iu
895 3369 1023 3434 domino
1040 3355 1120 3437 Jesu
1137 3367 1276 3435 Christo.
1292 3369 1338 3436 Ut
1346 3374 1457 3454 poste·

321 3496 426 3542 rorum
443 3475 562 3542 notioie
577 3475 701 3559 liquido
727 3481 838 3561 posset
865 3476 1043 3544 clarescere
1070 3475 1156 3560 quod
1181 3477 1318 3563 provide
1345 3483 1379 3542 et
1405 3485 1457 3543 at-

319 3588 407 3648 tente
441 3581 609 3650 ordinatur
647 3585 689 3648 ab
725 3583 846 3668 aliquo,
879 3582 1051 3668 presertim
1088 3583 1243 3667 quociens
1280 3583 1456 3669 negocium

319 3689 463 3774 parcium
485 3689 525 3754 de
554 3689 671 3773 Regali
696 3690 900 3756 consciencia
924 3690 995 3758 sinc
1020 3691 1130 3758 debito
1156 3690 1361 3778 terminatur,
1388 3693 1456 3759 sol-

321 3797 420 3862 lerter
440 3801 488 3862 est
513 3797 678 3880 provisum
704 3797 869 3864 literarum
896 3799 1077 3882 patrocinio
1107 3799 1268 3868 stabilire.
1302 3801 1457 3886 Euprop·

321 3910 370 3969 ter
405 3902 448 3968 ad
482 3904 637 3971 noticiam
674 3907 901 3971 universorum
936 3903 1084 3972 volumus
1119 3905 1290 3990 pervenire
1322 3931 1330 3971 ε
1360 3907 1454 3990 quod

326 4011 486 4078 accedens
509 4013 552 4078 ad
584 4015 788 4098 presenciam
810 4020 952 4080 nostrum
979 4011 1114 4080 dilectus
1141 4014 1233 4082 nobis
1260 4014 1293 4080 in
1320 4014 1455 4082 Christo

320 4117 485 4184 Johanncs
511 4118 623 4186 Abbus
657 4119 698 4185 dc
723 4120 859 4204 Toplieu
883 4119 1049 4189 humiliter
1074 4122 1169 4188 nobis
1198 4119 1399 4206 supplicavit
1415 4127 1451 4187 et

319 4227 500 4292 instanter:
518 4225 603 4308 quod
622 4247 678 4291 uos
705 4227 896 4295 divisionem
922 4235 1006 4298 terre
1022 4228 1131 4296 Gastri
1157 4227 1199 4294 de
1224 4228 1335 4296 Guora
1361 4227 1449 4295 inter

319 4333 425 4418 ipsum
460 4333 501 4398 ab
538 4354 602 4399 una
635 4341 738 4419 parte,
766 4343 798 4401 et
823 4337 995 4404 Giinenses
1028 4337 1070 4402 ab
1107 4335 1212 4404 altera
1236 4335 1359 4404 factem
1387 4356 1449 4422 per

323 4437 479 4507 Comitem
515 4440 669 4527 Murcum,
704 4441 803 4507 filium
832 4443 1026 4530 Borochuni,
1056 4441 1251 4512 destinatum
1278 4442 1321 4509 ud
1347 4443 1450 4510 hoca.

323 4546 439 4615 dilecto
456 4553 488 4616 et
503 4546 590 4618 fiueli
606 4555 714 4620 nostro
731 4550 889 4638 Dyonisio
906 4551 1008 4639 Banu,
1021 4552 1076 4620 cui
1091 4551 1152 4622 hoc
1169 4551 1255 4624 idum
1280 4551 1447 4638 speinlitcr
