3160 5208
326 345 329 352 .
455 427 461 435 ·
543 340 704 440 -Ἦ-
842 293 890 436 :¹

19 539 21 552 “
67 539 200 625 priorem
216 541 348 602 metum
369 531 521 600 Prodicta
536 551 615 601 uero
631 539 719 599 terra
733 529 827 599 Zund
842 551 916 599 cum
931 533 1000 600 suis
1025 531 1191 618 pertinen·

67 644 124 732 cijs
137 643 179 712 ad
193 649 259 710 tres
275 647 389 726 partes
416 638 646 724 diuidendum
669 657 736 706 una
766 657 846 726 pars
876 637 996 706 Gomiti
1026 639 1190 726 Machare,
1270 665 1275 682 ¹

70 750 197 818 umuuda
212 747 380 817 sororibus
398 745 549 831 Gregorij
567 745 714 830 Comitis,
746 746 875 815 scilicet
890 747 1053 814 auunculo
1069 747 1185 816 Jacobi

63 855 280 940 etltichaclis,
299 862 336 923 et
351 853 447 922 matri
460 851 609 940 Botnud;
634 855 736 924 tercia
752 854 846 923 uxori
871 852 947 922 (lab
975 860 1008 922 et
1037 855 1185 924 Ecclesie

20 1019 21 1022 ,
67 961 173 1030 Sancte
187 962 313 1030 Crucis.

162 1071 242 1138 Item
259 1068 323 1135 Th.
342 1067 459 1136 Comes
475 1073 633 1154 cognatos
658 1085 745 1154 suos,
775 1065 933 1134 videlicet
962 1067 1120 1137 Jacobum
1154 1078 1187 1137 et

60 1175 240 1244 lliohaetem
258 1184 293 1243 et
307 1176 436 1245 Botond
453 1177 496 1244 ad
513 1185 659 1246 nostram
675 1174 789 1242 citauit
803 1175 1020 1262 presenciam,
1035 1175 1092 1260 qui
1108 1175 1184 1243 dum

18 1301 20 1346 ;
64 1284 373 1371 termiuoassignato
391 1305 499 1351 coram
517 1284 616 1353 nobis
646 1283 813 1350 constituti
843 1283 995 1365 fuissent,
1025 1284 1183 1368 allegauit

18 1405 20 1468 ξ
65 1399 162 1455 contra
174 1413 239 1474 cos,
257 1399 295 1459 ut
310 1393 507 1478 supradicti
524 1391 672 1459 homines
687 1391 818 1457 racione
843 1395 958 1474 quarte
980 1391 1086 1474 partis
1116 1393 1183 1459 uel·

18 1515 19 1560 1
64 1493 122 1564 lent
135 1518 169 1564 se
182 1498 293 1568 facere
308 1498 489 1585 participes
505 1498 541 1565 in
556 1505 645 1565 terra
660 1517 722 1566 sna
737 1494 942 1566 hereditaria
951 1496 1082 1566 nominc
1092 1499 1182 1567 Zoud

18 1639 20 1700 3
64 1602 124 1684 ipso
138 1603 276 1673 nolente.
301 1605 409 1674 Nobis
425 1607 526 1691 igitur
541 1614 575 1675 et
589 1605 707 1673 nostrie
723 1601 914 1688 Beronibus,
941 1606 999 1687 qui
1015 1613 1181 1688 presentes

18 1709 20 1758 t
65 1709 198 1798 aderant,
214 1710 374 1780 videlicet
388 1712 511 1796 Vgriuo
527 1711 784 1799 Archiepiscopc
802 1709 981 1798 colocensi,
1003 1711 1098 1796 Moys
1125 1713 1183 1780 (to

65 1818 122 1882 miti
136 1819 298 1908 Palatino,
332 1819 482 1888 Dionisio
496 1820 656 1904 Magistro
670 1818 927 1886 Tauarnioorum
945 1825 979 1885 ct
994 1815 1112 1886 Comiti
1142 1817 1183 1887 de

60 1923 189 2015 ¹Zounuc,
206 1927 283 1994 Jule
300 1928 420 1996 Comiti
437 1926 662 2014 Supruniensi,
681 1925 793 1994 Buzad
810 1925 913 2011 Bano,
944 1931 977 1990 et
992 1925 1068 2010 aliJ's
1083 1944 1181 2010 quam

66 2032 196 2114 plurimis
211 2033 460 2102 racionabiliter
478 2036 583 2101 visum
600 2040 660 2115 ost,
677 2041 713 2099 ut
727 2032 788 2098 Th.
804 2031 916 2098 Banus
940 2051 997 2118 pro
1022 2032 1182 2117 porcioni-

18 2215 20 2238 ν
66 2139 262 2226 busprelatos
272 2148 344 2208 tres
355 2139 500 2208 homiues
513 2143 546 2206 in
562 2147 650 2206 terra
664 2139 758 2207 Zund
774 2138 1046 2224 contingentibus,
1063 2140 1182 2225 etalijs

18 2241 21 2338 i
68 2249 149 2314 terris
164 2249 231 2317 suis
247 2267 317 2316 non
334 2248 539 2332 hereditariis
558 2247 638 2334 ipsis
655 2247 748 2313 daret
778 2245 977 2330 condignam
1008 2255 1182 2316 commuta·

18 2339 21 2432 j
61 2353 172 2420 donem
186 2357 241 2423 uel
255 2355 406 2442 precium
420 2354 552 2424 iustum.
568 2355 764 2422 Prenotatus
780 2372 857 2420 uero
875 2354 935 2421 Th.
954 2353 1068 2421 (lomes
1085 2354 1182 2424 dictis

17 2435 22 2566 f
62 2463 197 2542 cognatis
213 2463 295 2548 suis,
315 2471 350 2530 ut
367 2463 430 2532 sibi
446 2463 624 2530 iudicatum
642 2461 712 2547 tuit,
729 2461 763 2527 in
779 2460 890 2546 precio
906 2459 1075 2548 satisfecit,
1093 2465 1180 2546 quod

17 2571 23 2676 t,
66 2567 158 2652 etipsi
174 2569 374 2638 dilexerunt.
412 2571 497 2636 Nem
513 2571 638 2638 Jacobo
653 2569 720 2636 tilio
735 2568 862 2655 Mohor,
895 2575 928 2634 et
943 2569 1095 2638 Michacli
1112 2571 1177 2640 filio

17 2679 22 2794 l
64 2673 225 2761 Michaelis,
259 2699 323 2763 pro
339 2683 436 2764 terra,
469 2697 566 2763 quarn
584 2677 650 2762 ipsi
665 2677 707 2744 ab
723 2676 889 2742 auuncula
905 2695 1013 2742 eorum
1032 2678 1177 2760 posside·

17 2797 19 2808 ·
68 2780 285 2866 tautcenturn
303 2785 574 2868 vigintiquatuor
589 2802 717 2852 marcas
742 2783 910 2870 persclnit.
948 2783 1074 2850 Nomen
1099 2805 1178 2854 uero

66 2893 135 2953 terre
149 2889 237 2959 illius
253 2899 309 2960 est
324 2891 428 2981 Zund,
444 2911 542 2977 super
567 2909 633 2977 qua
656 2892 756 2957 turris
773 2890 922 2976 Gregorij
955 2889 1088 2958 Comitis
1119 2891 1181 2958 fuit

68 3003 243 3067 constructa.
269 3000 385 3068 Prima
397 3007 486 3068 meta
501 2999 587 3066 dicte
603 3004 690 3068 terre
705 2997 821 3083 incipit
835 2997 869 3064 iu
884 3003 1001 3082 stagno
1017 2999 1105 3081 quod
1130 3007 1181 3068 est

17 3115 20 3194 l
67 3105 114 3168 sub
127 3107 235 3172 molem
251 3107 335 3174 villa
349 3105 462 3192 Zuud3
487 3112 519 3174 et
535 3105 643 3174 tendit
658 3104 702 3171 ad
718 3103 887 3172 meridiem
913 3106 948 3169 in
973 3102 1087 3172 eodem
1113 3114 1180 3173 ata·

17 3197 22 3316 i
67 3227 134 3292 gno;
156 3213 231 3281 inde
246 3213 356 3280 tendit
371 3211 414 3280 ad
430 3213 520 3280 aliud
536 3222 701 3301 stagnum,
731 3211 818 3297 quod
835 3211 901 3278 exit
932 3211 972 3278 dc
1004 3212 1122 3301 lecet,
1146 3221 1178 3281 et

17 3321 19 3386 t
67 3322 199 3401 stagnum
214 3319 300 3388 illud
316 3320 407 3388 uadit
420 3319 464 3387 ad
481 3321 600 3405 Fecst;
634 3327 668 3386 et
697 3319 787 3387 finito
820 3327 937 3404 stagno
962 3320 1060 3387 Feest
1088 3320 1181 3388 uadit

17 3433 19 3512 t
67 3423 101 3488 ad
114 3430 371 3512 septemtrionem
388 3446 492 3512 usque
509 3426 554 3496 ad
569 3425 661 3494 aliud
675 3433 846 3512 stagnum3
871 3431 904 3492 et
919 3425 1003 3494 inter
1028 3426 1088 3492 illa
1113 3427 1177 3495 duo

17 3523 19 3528 ’
65 3535 167 3617 tingue
180 3545 257 3604 suut
273 3543 377 3622 metc;
403 3543 435 3604 et
450 3536 485 3601 iu
501 3545 619 3622 stagno
646 3533 703 3603 illo
733 3532 839 3602 tendit
873 3535 917 3601 ad
949 3533 1103 3602 orientem
1136 3537 1179 3603 ad

17 3705 18 3722 ,
68 3637 174 3731 Belsar,
191 3649 223 3710 et
237 3644 275 3710 in
289 3644 404 3711 Belsar
419 3643 511 3711 uadit
528 3662 630 3728 usque
647 3642 690 3710 ad
706 3647 810 3709 metas
826 3640 995 3728 Oheuscy;
1020 3642 1094 3708 inde
1111 3645 1178 3711 exit

67 3746 169 3818 siluam
184 3753 326 3820 (thamul
342 3771 401 3837 per
417 3758 521 3818 metas
537 3753 684 3818 eleuatas
701 3751 792 3818 veuit
823 3750 866 3816 ad
897 3752 966 3816 Puc
997 3751 1121 3836 Rewy;
1147 3758 1179 3818 et

17 3851 19 3858 ’
66 3854 130 3924 inde
142 3861 259 3927 transit
275 3879 334 3945 per
348 3866 502 3943 stagnum
519 3857 563 3925 ad
578 3857 717 3944 Soeeloe,
733 3877 796 3943 quc
806 3856 869 3923 fuit
884 3856 966 3924 uilla
982 3855 1129 3940 Botond;
1147 3865 1181 3924 et

17 3967 18 3972 ’
68 3959 129 4028 inde
141 3969 228 4036 uenit
249 3966 292 4034 ad
309 3965 465 4035 orientem
483 3984 588 4050 usque
604 3964 648 4032 ad
662 3971 782 4033 metum
801 3983 864 4048 quc
881 3969 930 4032 est
945 3970 1022 4032 ante
1053 3965 1178 4050 Tulgp,

17 4065 19 4072 '
68 4077 93 4134 ct
106 4069 174 4140 inde
188 4076 325 4143 uertitur
340 4074 383 4141 ad
400 4073 601 4142 occidentem
618 4092 676 4158 per
691 4080 795 4138 metas
821 4072 967 4140 eleuatao
1000 4089 1102 4154 usque
1136 4071 1178 4136 ud

18 4257 19 4260 Ἴ
67 4173 177 4246 donnum
192 4181 378 4248 Petronellc
395 4180 545 4263 domine,
564 4188 597 4247 et
611 4177 687 4246 inde
702 4177 745 4245 ad
762 4180 902 4263 priorem
919 4187 1048 4245 metam.
1065 4177 1178 4243 liciam

68 4282 211 4372 almaque
225 4293 362 4356 uocatur
386 4287 593 4373 Yanussaya,
625 4287 716 4354 cuius
740 4285 945 4352 medictatem
978 4283 1037 4352 Th.
1069 4286 1178 4351 Banns

17 4477 18 4484 ἵ
67 4393 242 4480 possidebat,
260 4403 294 4462 ct
310 4393 516 4462 medietatem
534 4395 613 4462 emit
628 4395 723 4461 simul
753 4414 824 4461 cum
857 4392 1007 4478 predicta
1040 4399 1127 4459 terra
1158 4412 1178 4457 a

17 4523 20 4536 τ
67 4495 356 4572 dictiahominibus.
379 4504 490 4570 liciam
506 4505 541 4569 in
556 4502 704 4572 Belound
720 4503 798 4568 emit
814 4507 962 4586 quartam
981 4505 1108 4586 partem
1133 4505 1180 4565 to·

17 4657 19 4684 τ
68 4603 127 4674 tius
139 4609 209 4680 ville
224 4609 314 4697 quod
328 4611 415 4698 wlgo
431 4616 537 4682 Fener
554 4611 671 4680 dicitur
688 4629 760 4676 curn
777 4629 834 4676 sex
846 4607 1073 4678 mansionibus
1081 4607 1178 4675 liber-
