3116 5186
586 321 745 420 „22¹-

7 499 9 558 Ᾰ
107 511 214 579 eodem
232 513 371 581 termino
395 515 597 582 sentenciam
624 515 740 582 tulisse
774 515 1008 602 debuissemus,
1040 523 1150 584 umen
1188 513 1231 580 ad
1284 493 1293 504 ⁸

7 609 9 616 ’
105 623 255 688 maiorem
275 621 480 688 euidenciam
512 622 593 688 iuris
626 621 768 689 eiusdem
798 623 955 709 Episcopi
988 623 1229 706 assignauimus

7 733 9 744 ’
103 731 214 794 iterato
231 727 416 814 terminum,
436 728 469 793 in
486 749 549 811 qno
568 736 774 814 comparente
789 729 950 815 Episcopo
978 730 1106 814 prefato
1132 749 1224 814 sepe-

7 877 8 888 r
104 833 200 900 dictus
217 831 257 898 0.
274 835 388 902 Bonus
405 856 470 904 non
486 837 666 922 conparuit,
684 857 745 903 nec
762 857 821 923 per
835 856 881 923 ee,
898 857 958 902 nec
975 856 1033 921 per
1057 857 1150 902 suum
1177 856 1225 901 re-

102 942 294 1028 sponsalem.
322 943 391 1010 Nos
407 946 519 1027 itaque
534 943 684 1011 uidentes
702 950 826 1010 tantam
852 965 945 1011 suam
978 944 1223 1028 contumaciam,

102 1049 233 1116 etdicta
249 1051 384 1118 testium
401 1051 547 1118 eiusdem
579 1053 731 1138 Episcopi
764 1073 836 1120 csse
867 1051 1014 1137 legitima
1045 1060 1077 1118 et
1108 1072 1224 1137 appro-
1352 1085 1354 1092 v

7 1183 8 1190 ¹
102 1158 216 1244 banda,
235 1160 349 1242 ipsum
366 1161 563 1246 Episcopum
581 1161 725 1228 misimus
751 1163 785 1228 in
816 1162 1058 1245 possessionem
1089 1161 1224 1247 petitam

7 1263 8 1274 ’
101 1286 154 1350 per
168 1268 371 1353 pristaldnm
386 1277 533 1335 nostrum
550 1271 681 1336 nomine
697 1267 894 1336 Ondornuch
910 1268 950 1335 de
967 1270 1088 1355 Apath,
1120 1275 1151 1334 et
1167 1289 1225 1353 per

102 1374 179 1440 duos
194 1376 305 1441 socios
321 1384 459 1460 nostros,
476 1378 649 1445 Martinam
676 1375 829 1445 videlicet
861 1385 893 1442 et
923 1376 1143 1463 Stephanum
1170 1377 1222 1458 qui

102 1501 167 1547 oum
185 1482 329 1549 eundem
346 1483 545 1569 Episcopum
561 1485 687 1552 uellent
703 1503 822 1570 ponere
848 1487 881 1550 in
912 1486 1129 1571 possessione,
1161 1485 1225 1568 ipsi

7 1625 9 1684 g
103 1608 194 1654 manu
209 1589 360 1656 violenta
375 1610 433 1675 per
449 1589 540 1674 Oguz
556 1593 684 1659 Banum
698 1599 774 1659 sant
790 1590 952 1676 prohibiti.
993 1592 1034 1657 Et
1063 1592 1111 1658 sic
1142 1591 1228 1656 idern

7 1703 8 1772 ᾗ
103 1693 210 1764 Banns
227 1699 263 1764 in
283 1699 375 1764 nullo
392 1700 522 1784 penitus
539 1707 685 1766 nostram
701 1700 901 1767 sentenciam
918 1699 1123 1781 obseruauit3
1158 1719 1228 1764 cum

7 1811 9 1848 ³
103 1811 206 1870 tamen
222 1825 284 1871 suo
301 1805 484 1873 iuramento
501 1827 537 1873 se
563 1806 738 1874 obseruare
768 1807 1014 1894 perobligasset.
1054 1804 1104 1870 Ad
1135 1805 1229 1871 huius

7 1953 9 1962 ν
103 1913 198 1995 igitur
214 1912 297 1981 facti
314 1917 503 1984 memoriam
520 1917 698 2003 pleniorem
716 1923 747 1982 et
763 1917 797 1982 in
813 1916 1033 1984 testimonium
1060 1915 1107 1981 rei
1140 1919 1231 1998 geste

102 2027 268 2104 presentes
285 2021 413 2091 litteras
431 2023 583 2094 dedimus
599 2024 701 2110 sigilli
716 2025 821 2092 nostri
847 2023 1025 2089 munimine
1050 2022 1229 2088 roboratas.

7 2221 9 2238 μ
102 2129 217 2196 Datum
233 2129 269 2195 in
288 2137 388 2214 ponte
404 2133 513 2201 Ketud
529 2153 616 2200 anno
633 2132 766 2200 Domini
783 2133 815 2198 Μ
822 2131 1016 2199 ⁰CG⁰XXX⁰
1033 2128 1184 2196 secundo.

7 2375 9 2406 ὲ
104 2331 240 2390 (llredetie
258 2333 447 2398 bdrhdrtydm
467 2347 484 2381 a
503 2333 591 2398 liiggtt
602 2331 735 2396 peccetek
754 2329 913 2394 elvesztek3
931 2345 949 2379 a
967 2329 1052 2379 budai
1066 2328 1119 2378 kir.
1134 2327 1230 2378 kama-

7 2413 9 2446 ἶ
535 2423 577 2472 rai
599 2421 796 2483 levdltdrban.)
819 2441 830 2474 r

535 2709 803 2721 ...φοι-*ι-

108 3446 136 3508 A
153 3450 251 3534 qydri
267 3444 494 3530 lcdptnlaanulc
511 3442 791 3528 bizonysdpleocle,
807 3448 890 3528 copy
910 3441 1026 3505 Tamais
1039 3438 1111 3505 Oszl
1121 3461 1233 3505 comce-

109 3551 166 3616 ncle
175 3555 228 3636 fio
247 3556 396 3637 bizonyos
406 3571 502 3636 peres
517 3560 618 3634 ttpyrc
635 3551 728 3614 adacte
744 3575 765 3614 a
790 3545 892 3614 Cluurt
917 3545 1229 3630 nemzerstpbetiettat

392 3659 625 3744 bardtsciposuu
641 3657 838 3743 cpyezlecdctt.
856 3655 952 3724 1232.

215 3850 399 3937 Capitulum
415 3849 572 3916 doriensis
588 3847 735 3916 Ecclesie
752 3849 913 3915 uniuersis
930 3868 1061 3933 presens
1078 3851 1233 3936 seriptum

110 3961 311 4028 intuentibus
324 3959 463 4024 salutem
481 3961 513 4022 in
530 3957 645 4023 salutis
662 3956 827 4038 largitore.
868 3957 982 4023 Vestra
1007 3959 1134 4022 nouerit
1163 3953 1230 4022 vni-

113 4069 262 4153 uersita's,
280 4065 368 4151 quod
383 4064 526 4132 Thomas
543 4065 629 4131 filios
646 4063 779 4130 Comitis
797 4061 876 4130 Oslu
890 4083 929 4128 ex
946 4084 1011 4131 una
1022 4071 1134 4148 parte,
1152 4061 1234 4128 llar-

112 4176 205 4262 tinus,
222 4174 402 4241 Nicholaus
419 4171 476 4238 lilii
492 4172 690 4250 Viruntonis,
710 4170 880 4257 Georgius,
912 4171 1046 4254 lpolitus
1073 4177 1105 4236 et
1138 4169 1236 4235 Geor-

115 4284 183 4366 gius
200 4283 259 4349 tilii
275 4281 398 4346 Thome
414 4281 455 4347 de
472 4279 550 4346 villa
568 4279 702 4362 Ysobur,
736 4285 768 4346 et
784 4279 900 4344 villani
917 4277 1011 4343 Enud
1045 4277 1086 4343 de
1117 4297 1236 4360 genero

115 4391 210 4458 Chnrt
228 4409 268 4456 ex
284 4389 407 4473 altera;
425 4387 459 4452 in
477 4393 587 4452 nostra
604 4385 743 4471 professi
760 4392 833 4452 suut
849 4385 1028 4470 presencia,
1047 4382 1134 4469 quod
1150 4385 1233 4449 'l‘lro-

117 4518 182 4566 mas
198 4499 305 4568 dietus
321 4515 376 4562 cos
391 4517 449 4582 pro
465 4504 551 4562 terra
568 4495 661 4560 Enud
680 4500 711 4559 ct
727 4515 786 4578 pro
803 4493 1027 4560 destruccicne
1054 4489 1156 4578 predii
1182 4493 1233 4558 sni

11 4639 13 4646 >
121 4607 159 4673 ad
174 4604 373 4693 presenciam
391 4604 520 4672 Dionisi
545 4605 688 4672 Palatini
720 4603 885 4668 mediante
921 4600 1080 4686 pristaldo
1110 4599 1242 4666 nomine
