3116 5178
806 301 965 402 Q

322 500 544 568 universorum
583 497 738 565 noticiam
778 507 842 566 tam
882 498 1086 583 presencium
1118 517 1213 580 quam
1244 501 1449 583 posterorum

321 607 437 676 harum
453 607 537 675 serie
554 607 701 674 volumus
718 606 908 692 pervenire:
925 606 1013 692 quod
1021 604 1240 674 accendentes
1249 603 1294 672 ad
1306 611 1450 672 nostram

322 715 521 802 presenciam
540 713 671 780 Hodina
688 715 804 782 (lomes
822 734 894 782 cum
910 713 1060 798 cognatis
1075 713 1155 799 suis,
1183 712 1341 782 videlieet
1375 713 1453 780 Gur-

321 824 379 905 ka,
397 824 502 909 Peter,
518 820 657 907 Bogdan
673 829 705 889 et
720 821 911 907 Botbochin,
928 821 1022 888 uobis
1039 840 1099 888 sua
1117 819 1276 906 peticione
1292 828 1451 889 monstra·

322 938 409 1019 runt,
424 929 512 1014 quod
526 951 585 1018 pro
601 936 688 998 terra
703 930 845 1016 quadam
863 928 1039 1017 Wyschnst
1054 928 1194 1015 nomine,
1218 929 1284 997 sita
1298 928 1335 996 in
1352 929 1454 995 Gumi-

323 1043 392 1104 tatu
407 1037 606 1124 Simigiensi,
624 1058 721 1123 quam
738 1037 786 1104 eis
801 1043 910 1106 nostro
922 1037 1094 1123 privilegio
1105 1038 1145 1104 ob
1157 1037 1352 1104 fidelitatem
1364 1057 1455 1106 suam

323 1153 356 1212 et
371 1145 511 1214 servicia
528 1146 720 1214 multimoda
734 1146 829 1213 nobis
846 1153 877 1214 et
893 1146 1021 1213 Corone
1036 1143 1137 1230 Regis
1152 1135 1291 1214 fideliter
1303 1148 1454 1232 impensa

324 1254 576 1340 contuleramus,
593 1255 705 1322 Banns
721 1273 980 1338 unumquemque
992 1253 1134 1340 ipsorum
1144 1254 1365 1338 singulariter
1373 1274 1454 1324 oom-

324 1362 473 1447 pelleret,
506 1368 572 1428 tam
588 1381 649 1429 sno
667 1361 824 1430 exercitui
840 1383 937 1448 qnam
963 1369 1084 1448 nostro,
1116 1361 1257 1429 oliiclum
1290 1361 1454 1430 exercitus
1548 1373 1550 1432 l

324 1465 484 1536 exhibere.
509 1469 574 1536 Sed
590 1489 664 1536 cum
680 1478 764 1537 terre
781 1471 867 1539 dicte
882 1470 1005 1538 utilitas
1022 1470 1104 1537 tanti
1127 1471 1257 1539 servicii
1283 1470 1453 1540 laboribus
1548 1481 1550 1556 i

325 1582 358 1644 et
373 1575 525 1663 expensis
544 1597 609 1644 nou
621 1577 789 1664 subpetat,
820 1579 921 1644 talem
946 1578 1068 1646 eisdem
1095 1579 1239 1662 graciam
1272 1585 1307 1646 et
1341 1577 1453 1662 merito
1548 1575 1550 1588 '

327 1681 480 1752 <luximus
497 1682 682 1752 faciendam
697 1711 705 1750 :
723 1682 808 1776 qnod
824 1685 864 1752 de
881 1685 1020 1770 qrrinque
1044 1685 1271 1768 iobagionibus
1304 1683 1453 1772 supradi·
1549 1667 1550 1750 Ῐ

325 1789 399 1872 otis,
415 1796 525 1859 nostro
543 1799 575 1860 et
591 1792 672 1858 Boni
689 1792 846 1858 exercitui
876 1813 958 1859 nnus
975 1811 1085 1859 eornm
1101 1811 1175 1859 cum
1192 1795 1286 1877 cquis
1303 1799 1339 1861 ot
1358 1793 1454 1860 armis
1548 1801 1550 1868 ἔ

326 1895 518 1968 decentibus
534 1898 656 1968 serviro
672 1905 832 1968 teneatur.
856 1901 908 1966 lta
925 1901 1038 1985 eciam,
1063 1899 1150 1984 quod
1180 1906 1255 1985 post
1287 1899 1451 1969 decessum
1547 1877 1550 1922 ³

328 2026 437 2074 eornm
455 2007 591 2076 heredes
607 2029 664 2077 seu
681 2029 884 2078 successores
910 2008 1084 2078 eorundem
1114 2008 1348 2095 prenominata
1379 2027 1454 2092 gan·
1548 1993 1550 2008 '

298 2144 305 2159 ι
325 2115 425 2182 deant
439 2113 600 2203 libertate,
611 2137 669 2184 nec
686 2137 755 2202 uos,
771 2136 829 2186 scu
846 2136 1050 2185 successores
1067 2117 1121 2184 rel
1137 2117 1335 2204 iobagionos
1351 2115 1452 2200 Regni
1548 2097 1550 2124 ¹

326 2220 412 2290 banc
429 2223 612 2292 libertatem
629 2223 828 2310 infringendi
856 2225 1001 2293 babeant
1031 2231 1237 2312 potestatem.
1278 2224 1327 2292 Ut
1357 2224 1453 2310 igitur

326 2329 385 2398 hec
402 2337 511 2400 nostra
526 2334 693 2402 concessio
710 2342 864 2422 perpetue
879 2333 1045 2402 firmitatis
1073 2336 1170 2403 robur
1205 2335 1367 2418 obtineat,
1395 2352 1452 2400 nec
1548 2315 1550 2394 i

326 2439 432 2525 possit
447 2439 480 2506 iu
497 2447 660 2526 posterum
677 2461 736 2528 per
752 2443 938 2528 quempiam
954 2444 1135 2531 retractari,
1150 2449 1322 2530 presentes
1332 2443 1452 2510 litteras
1549 2427 1550 2432 ¹

327 2547 547 2617 concessimus
562 2549 605 2616 ad
622 2550 777 2618 maiomm
796 2549 843 2617 rei
860 2549 1056 2636 firmitatem,
1073 2549 1213 2636 duplicis
1228 2549 1334 2634 sigilli
1355 2549 1451 2617 nostri
1548 2557 1550 2654 j

328 2655 505 2722 munimine
543 2655 750 2742 perhenniter
787 2657 972 2725 roboratas.
1022 2660 1141 2725 Datum
1189 2678 1275 2726 anno
1325 2655 1451 2728 Domini
1548 2669 1550 2754 j

329 2763 544 2852 mccxlvl„
561 2764 673 2851 quinto
690 2765 776 2850 ydus
800 2764 929 2852 Aprilis,
955 2765 1062 2849 Regni
1093 2772 1202 2835 autem
1233 2767 1339 2835 nostri
1370 2786 1451 2833 anno
1548 2777 1550 2782 ’

328 2870 508 2940 undecimo.

329 3071 491 3137 (Tkalcsics,
510 3072 692 3126 Monumenta
711 3073 777 3125 bist.
791 3074 979 3140 Episcopatus
1004 3075 1201 3141 Zagrabieusis
1225 3075 1247 3130 L
1273 3075 1337 3128 roc,
1363 3079 1403 3127 87.
1424 3075 1450 3136 l)

756 3361 1024 3375 ffl-

855 3897 932 3965 als.

327 4089 441 4163 leoco
456 4095 592 4181 aciprcibi
602 4098 731 4184 pilspiilc
748 4097 870 4164 Iossch
885 4097 1066 4185 helysc'pbcn
1076 4069 1321 4186 cpdcaaacirddt
1331 4099 1444 4186 clepit.

842 4207 938 4273 12:16.
1029 4216 1031 4220 ’

435 4399 622 4486 Stephanus
638 4401 700 4468 Dei
717 4399 830 4486 gracia
846 4403 1028 4491 Episcopus
1043 4404 1277 4490 Zagrabiensis
1302 4403 1444 4473 omnibus

328 4516 498 4594 presentes
514 4509 641 4576 litteras
658 4508 853 4595 inspecturis
878 4511 1016 4580 salutem
1047 4513 1081 4579 in
1115 4533 1166 4599 eo,
1196 4513 1251 4598 qul
1282 4519 1333 4580 est
1361 4514 1443 4580 salus

328 4616 480 4686 omnium.
507 4615 665 4693 Quoniam
682 4621 815 4705 propter
829 4617 962 4686 labilem
980 4619 1143 4688 hominum
1162 4621 1348 4690 memoriam
1363 4615 1442 4685 racio
1548 4621 1549 4624 ’
