3182 5200
846 282 1006 384 Aa*

356 477 498 548 ecclesie
508 477 609 544 Beate
619 477 731 561 llario,
744 497 808 562 que
823 478 886 544 sita
904 485 954 546 est
969 479 1004 544 in
1019 479 1112 546 curia
1126 479 1268 564 ipsorum
1285 479 1421 548 fratrum
1440 483 1495 546 de-

361 587 421 673 dit,
439 587 483 654 sit
515 585 548 650 in
566 586 721 651 memoria
751 584 856 669 ipsius
872 592 904 652 et
921 586 1020 653 nostri
1052 586 1172 654 stabile
1188 588 1222 653 in
1240 586 1438 657 codemloco
1455 589 1490 653 in

361 679 1492 778 sempiternumlpsissiquidcmfratribusterramquandamcivilium

361 803 403 870 de
419 799 583 867 Comitatu
600 799 642 865 de
658 799 762 866 Gerra
780 819 853 866 cum
867 803 935 867 suis
947 801 1141 888 hominibus,
1152 802 1228 870 tiliis
1246 822 1375 888 quoquc
1391 805 1493 870 homi-

364 930 450 995 num,
466 914 624 994 perpetuo
640 904 873 990 possidendam
898 908 1103 977 contulimus.
1119 911 1192 989 Que
1209 919 1297 977 terra
1310 911 1377 980 hiis
1395 911 1492 980 metis

364 1017 618 1098 circumcingitur
639 1042 646 1083 :
680 1015 786 1100 prima
802 1021 890 1084 meta
905 1037 926 1083 a
941 1019 1077 1103 publica
1108 1025 1219 1104 amata,
1235 1039 1300 1103 que
1317 1019 1419 1103 vulgo
1437 1022 1494 1087 via

365 1126 525 1194 exercitus
543 1122 669 1210 dicitur,
706 1131 738 1190 et
754 1122 860 1190 tendit
876 1125 919 1191 ad
935 1127 1113 1211 Tractenic,
1142 1127 1258 1194 dehinc
1274 1146 1401 1212 quoqne
1417 1126 1495 1192 diri·

368 1235 454 1318 gitur
469 1231 513 1298 ad
529 1232 616 1296 viam
648 1231 817 1315 antiquam
850 1234 1044 1301 cementario
1074 1255 1172 1320 opere
1193 1237 1442 1320 supereffusam,
1460 1241 1493 1300 et

363 1347 481 1414 dehinc
496 1339 677 1427 protelatur
693 1358 793 1421 usque
809 1339 853 1406 ad
870 1337 1002 1426 Oepeni,
1019 1342 1103 1409 etde
1118 1339 1240 1427 Gepeni
1258 1339 1419 1425 usquead
1436 1339 1496 1407 ilu-

364 1453 451 1520 vium
463 1447 572 1528 (ilino,
584 1444 675 1511 cuius
692 1443 833 1513 fluminis
848 1454 1018 1532 utramque
1033 1449 1138 1534 ripam
1156 1467 1323 1533 quousque
1332 1447 1367 1514 in
1378 1447 1495 1514 cadem

364 1568 450 1626 terra
467 1553 609 1621 decurrit
625 1558 795 1638 pretaxate
811 1552 922 1620 domui
937 1552 1095 1624 dedimus.
1113 1555 1292 1624 Decedam
1310 1562 1417 1622 autern
1435 1555 1494 1621 flu-

364 1669 417 1733 vio
432 1661 623 1746 adiungitur
652 1664 738 1725 terre
756 1658 839 1746 Buris,
872 1659 1042 1744 tenditque
1057 1661 1101 1728 ad
1113 1661 1315 1747 Lipcehcna,
1331 1683 1370 1730 ac
1385 1682 1493 1729 rever·

366 1777 442 1842 titur
457 1771 500 1837 ad
517 1769 638 1836 dietam
664 1774 824 1833 muratam
843 1773 939 1836 viam.
969 1769 1142 1836 Hominum
1172 1789 1248 1836 vcro
1266 1771 1492 1836 nominarunt

364 1885 424 1950 hec
444 1908 452 1947 ι
469 1876 568 1959 Oche,
584 1873 690 1958 Budil,
708 1873 809 1939 frater
825 1873 893 1941 eins
909 1875 1053 1959 Sionem,
1068 1875 1221 1960 ¹Drusila,
1242 1877 1383 1959 Wasetc,
1400 1875 1492 1954 Wol-

364 1993 434 2058 che.
474 1986 590 2052 Dictos
607 1982 705 2064 igitur
736 1979 882 2049 homines
899 1993 932 2049 ct
948 1984 1214 2070 supervenientes
1231 1982 1266 2048 in
1282 2003 1354 2050 eam
1371 1987 1492 2050 terram

365 2098 425 2167 sub
442 2094 501 2161 tali
523 2091 626 2157 forma
642 2087 803 2156 libertatis
819 2091 985 2156 nominate
1017 2089 1126 2156 domui
1158 2089 1324 2157 dedimus:
1356 2098 1392 2156 ut
1407 2093 1492 2157 nulli

364 2200 570 2289 respondere
587 2215 654 2264 scw
671 2197 794 2263 servire
810 2203 992 2283 teneantur,
1009 2197 1072 2263 nisi
1099 2198 1254 2280 magistro
1270 2205 1304 2264 ct
1319 2196 1494 2267 fratribus:

365 2316 524 2379 immunes
550 2305 654 2372 eciam
673 2303 739 2368 sint
756 2305 898 2370 omnium
915 2306 1181 2372 exaccionionum
1198 2311 1231 2371 et
1245 2305 1490 2385 colleceiouum‚

365 2439 427 2506 que
444 2435 502 2503 per
518 2411 725 2480 sclavoniam
749 2411 924 2499 habentur,
948 2411 1017 2479 sive
1034 2432 1091 2496 pro
1117 2411 1315 2479 necessitate
1346 2414 1494 2480 Ducatus

363 2530 578 2614 imponentur.
610 2517 805 2602 villareto,
838 2528 1049 2604 quevocator
1081 2521 1249 2607 Cresseuo,
1267 2541 1364 2603 quam
1397 2530 1495 2607 pater

366 2644 479 2704 noster
496 2628 652 2716 predictis
669 2626 825 2695 fratribus
842 2628 941 2714 dedit,
959 2628 1134 2695 secundnm
1167 2637 1311 2695 tenorem
1328 2628 1493 2712 privilegii
1577 2627 1582 2634 “

365 2753 476 2813 nostra
507 2737 703 2804 auctoritate
735 2738 927 2803 inconcusso
959 2743 1160 2823 permaneat.
1194 2737 1429 2819 Villaquoque
1454 2735 1494 2802 de

364 2852 503 2920 Tresina
521 2866 593 2912 cum
622 2843 770 2909 omnibus
788 2845 857 2909 suis
879 2845 1089 2928 pertinenciis
1123 2844 1329 2910 certiemetis
1362 2843 1495 2910 cineum·

365 2960 494 3047 seriptis
511 3008 521 3042 ,
560 2971 698 3035 quarum
736 2949 893 3033 siquidem
933 2959 1090 3018 metarum
1129 2952 1262 3019 nomina
1300 2958 1376 3016 sont
1414 2951 1495 3016 hec:

365 3075 485 3140 flumen
516 3061 602 3148 quod
634 3065 769 3126 vocatur
801 3057 1019 3144 Cremekysa,
1061 3058 1146 3142 qued
1181 3057 1270 3124 vadit
1309 3078 1412 3141 usque
1453 3058 1496 3124 ad
1581 3078 1585 3087 ¹

365 3185 515 3266 oppam,
555 3192 594 3236 cx
633 3168 699 3233 alia
738 3175 831 3251 parte
869 3189 927 3252 per
964 3188 1116 3252 magnam
1155 3167 1240 3232 viam
1282 3167 1394 3253 regis,
1433 3187 1496 3249 quc

365 3287 458 3357 vadit
482 3277 677 3361 Zagrabiam
703 3294 743 3341 cx
768 3279 861 3358 parte
886 3274 1030 3340 Boniehe
1054 3292 1156 3356 usque
1180 3274 1221 3337 ad
1249 3275 1384 3358 Gripum,
1401 3294 1497 3358 supc-

364 3403 431 3464 rius
448 3396 498 3457 est
528 3383 659 3471 quidam
687 3401 778 3446 mons
805 3381 859 3465 qui
885 3379 1004 3447 dividit
1031 3389 1134 3446 metus
1166 3380 1254 3446 illius
1276 3389 1361 3448 terre
1393 3401 1498 3464 osque

367 3504 409 3570 ad
426 3503 531 3566 locum
548 3490 603 3574 qui
620 3488 739 3554 dicitur
754 3487 877 3573 Selath,
895 3493 929 3552 ut
946 3489 1095 3571 superius
1111 3486 1230 3553 dictum
1247 3495 1298 3554 est
1311 3490 1352 3554 de
1368 3489 1497 3556 Crasse·
1580 3507 1589 3578 ,j

366 3634 419 3696 no,
429 3607 586 3693 perpetuo
603 3595 757 3680 predictis
768 3593 924 3660 fratribus
941 3603 1132 3679 permaneat
1148 3595 1350 3662 inconcussa
1367 3593 1495 3662 civitas
1587 3607 1589 3650 ἐ

368 3735 443 3785 vero
459 3713 558 3790 Scev,
575 3725 672 3787 quam
691 3703 737 3768 eis
753 3702 888 3768 illustris
919 3699 1029 3786 B(ela)
1047 3703 1116 3766 Rex
1132 3701 1185 3786 pie
1202 3702 1444 3770 recordacionis
1463 3705 1495 3768 in

369 3840 480 3912 puram
497 3810 633 3881 contulit
648 3809 866 3896 elemosinam,
883 3830 954 3874 cum
967 3809 1115 3877 omnibus
1127 3811 1328 3895 appendiciis
1347 3811 1425 3896 suis,
1440 3813 1494 3878 sil·
1587 3801 1589 3864 ἶ

366 3936 415 4003 vis
447 3923 573 3995 scilicet
590 3926 621 3988 et
638 3919 776 4004 pascuis,
794 3917 971 4002 ceterisque
988 3919 1030 3984 ad
1046 3918 1096 3986 ius
1113 3921 1224 4001 regale
1256 3917 1494 4004 spectantibus,
1537 3987 1541 3998 ,
1587 3989 1589 4008 2

366 4043 446 4128 ipsis
463 4029 618 4102 fratribus
635 4047 762 4111 semper
778 4027 869 4091 firma
884 4034 1072 4110 permaneat
1082 4027 1192 4093 etiurc
1209 4037 1367 4112 perpetuo
1384 4026 1495 4093 incon·

368 4165 473 4229 cussa,
490 4159 563 4206 cum
581 4136 718 4203 eeclesia
735 4134 829 4201 Beati
842 4131 971 4214 Georgii
989 4135 1021 4198 in
1040 4133 1184 4201 eiusdem
1211 4135 1355 4200 civitatis
1371 4135 1496 4201 territo·

365 4265 413 4327 rio
429 4254 503 4332 sita,
521 4265 617 4329 quarn
635 4243 682 4308 eis
698 4243 814 4309 Petrus
840 4239 1112 4326 Archicpiscopus
1144 4240 1280 4307 Salonie
1303 4239 1403 4328 dedit,
1420 4261 1497 4308 coo-

365 4367 467 4436 sistat.
501 4353 622 4417 Villam
640 4369 775 4433 quoque,
794 4367 857 4432 que
873 4355 1008 4413 vocatur
1039 4347 1232 4432 Glogonice,
1249 4367 1347 4432 quam
1371 4347 1494 4415 Pruda·

364 4455 666 4547 nusZagrubiensis
677 4456 857 4541 Episcopus
874 4475 934 4520 sua
950 4456 1184 4542 pecuniasmit,
1202 4462 1286 4521 etex
1303 4457 1404 4540 patris
1419 4477 1496 4524 nos·

366 4585 406 4648 tri
424 4573 509 4658 regis
526 4561 636 4652 B(cle)
653 4564 863 4632 concessione
873 4583 944 4630 cum
957 4565 1102 4632 omnibus
1119 4563 1264 4631 eiusdem
1284 4565 1496 4649 pertinenciis
