3182 5200
559 257 719 356 jaa-

22 487 24 540 p
102 456 186 522 intrat
213 457 242 521 in
273 455 434 540 quandam
465 471 584 537 aquam
608 433 904 535 nomine'Tcrnua3
937 458 970 518 et
986 472 1043 537 per·
1067 449 1204 519 eandem

22 547 24 608 ἶ
101 584 202 646 aquam
218 563 378 630 derivatur
394 563 497 629 donec
514 561 661 648 predicta
677 561 811 627 Tcruua
828 559 943 626 defluit
958 561 992 627 in
1010 559 1153 644 cham,
1170 567 1204 628 et

22 655 24 730 ἷ
101 691 196 738 remus
218 671 390 738 australem
416 673 544 755 partem
570 669 685 736 eadem
710 667 810 736 Zowa
836 668 953 736 circuit
988 687 1101 735 omncs
1119 666 1203 733 alias

22 825 24 864 ,
100 785 190 845 terras
214 779 354 846 ciusdem
381 777 502 843 Barani
529 775 655 844 Decani
680 775 756 845 huic
770 781 855 842 terre
883 773 1064 861 contiguas,
1082 774 1122 840 de
1138 793 1206 857 qua

22 877 24 970 l
102 886 129 952 in
141 885 274 972 presenti
289 885 406 972 agitur,
425 903 464 949 ac
479 903 539 970 per
555 884 693 950 eandem
718 903 839 967 aquam
855 881 955 951 cha
971 881 1144 951 revertitur
1161 881 1204 948 ad

22 1001 25 1124 p
102 991 299 1077 supradictam
315 991 426 1058 uillam
451 990 618 1078 Sepulcha
644 991 730 1058 unde
756 991 860 1077 primo
876 997 964 1059 meta
989 997 1202 1076 processerat.

22 1125 24 1154 r
103 1099 281 1166 Indulsimus
314 1099 418 1164 eciam
450 1098 557 1166 eidem
588 1097 719 1166 Barano
750 1099 894 1184 Decano,
910 1105 944 1164 ct
974 1118 1033 1182 per
1049 1118 1121 1164 eum
1136 1099 1203 1165 suis

22 1157 27 1334 ,ι
98 1206 246 1272 heredibus
261 1215 419 1291 perpetuo
444 1205 645 1272 marturinae
670 1209 696 1273 O
721 1208 936 1289 mansionum,
963 1206 1005 1273 dc
1033 1212 1127 1292 parte
1142 1224 1206 1290 que

22 1337 26 1420 p
97 1334 146 1381 noa
171 1314 334 1398 contingit,
374 1315 421 1380 ita
434 1327 439 1338 ·
452 1320 488 1379 ut
519 1313 629 1380 nullus
672 1315 766 1382 homo
799 1314 883 1382 Boni
914 1315 959 1381 ad
1001 1315 1205 1398 colligendas

22 1435 29 1564 p
96 1422 268 1490 marturinas
293 1423 508 1490 transmissus
543 1443 643 1510 snper
680 1421 845 1508 predictas
881 1420 906 1487 G
941 1423 1129 1490 mansiones
1164 1421 1206 1490 de

22 1565 24 1578 ν
95 1531 200 1614 populo
222 1529 287 1596 iam
315 1529 395 1596 dicti
420 1528 537 1597 decani
554 1529 761 1615 descendere,
791 1517 849 1598 aut
863 1531 1035 1597 collectam
1052 1532 1204 1598 marturi-

26 1664 31 1673 ·
96 1657 190 1705 uarum
215 1641 254 1707 dc
279 1647 389 1708 cetero
424 1640 556 1726 exigere
580 1647 756 1726 presumat,
785 1640 844 1708 scd
868 1641 1013 1709 totaliter
1038 1640 1206 1725 sepedicto

94 1743 206 1812 &rano
230 1748 366 1815 Decauo
393 1746 559 1831 relinquat
586 1747 620 1814 in
636 1767 719 1833 paca
735 1747 932 1832 colligenda.
950 1743 994 1812 Ut
1011 1753 1118 1812 antem
1145 1746 1206 1813 bec

95 1855 205 1922 anobis
220 1853 389 1939 suprafate
415 1863 500 1920 terre
517 1875 557 1921 ac
581 1854 833 1922 marturinarnm
850 1854 940 1922 iacta
956 1852 1089 1919 donatio
1106 1853 1204 1921 nullis

95 1980 217 2044 unquam
240 1962 354 2029 valeat
377 1963 576 2048 temporibus
602 1964 784 2048 retractari,
801 1971 833 2029 et
849 1981 891 2028 ne
907 1964 980 2045 quis
1006 1958 1205 2047 sepedictum

92 2066 235 2152 Barcoum
261 2071 431 2137 Decauum
455 2075 514 2136 aut
538 2071 607 2136 eiua
646 2088 848 2136 successores
873 2087 970 2153 super
996 2069 1059 2136 hiis
1086 2067 1209 2135 audeat

94 2175 126 2241 de
140 2184 237 2246 cebro
262 2179 449 2264 molestare,
476 2185 659 2262 presentem
686 2178 842 2264 paginam
866 2175 965 2262 sigilli
982 2176 1084 2244 nostri
1099 2195 1207 2244 caruc-

94 2290 148 2350 tere
162 2285 293 2354 lecimus
320 2286 483 2371 insigniri.
510 2283 629 2351 Datum
655 2305 715 2372 per
730 2306 846 2353 manus
862 2285 987 2354 'rhome
1003 2285 1085 2352 suro
1103 2287 1204 2372 Regis

94 2387 269 2461 Cancellarii
309 2401 341 2461 et
375 2393 533 2460 Albensis
566 2391 738 2480 Propositi,
771 2412 859 2461 auno
899 2395 942 2463 ab
974 2393 1209 2463 incarnacione

92 2497 203 2568 bomini
227 2501 426 2570 MOCXJIII.
450 2501 638 2570 Venerabili
673 2500 825 2570 dohanne
852 2501 1081 2590 Strigoniensi,
1107 2504 1209 2571 Reve-
1331 2547 1334 2556 ,

95 2608 540 2678 rendossertboldchloccusi
553 2608 817 2695 Archiepiscopis
838 2611 1065 2698 existentibus,
1076 2611 1208 2678 Kalanc

93 2711 427 2802 Quinqueecclesiensi,
438 2716 801 2804 Gathapanodgriensi,
814 2718 988 2786 Desiderio
1004 2717 1209 2805 Cenedicnsi,

93 2819 216 2906 Symcne
240 2826 463 2909 waradiensi,
496 2823 658 2892 Willelmc
700 2825 995 2914 Ultrasylvanensi,
1038 2825 1210 2896 Gathardo

93 2927 300 3018 Zagrabiensi,
317 2933 416 3001 Petro
433 2933 617 3015 (lauriensi,
634 2934 775 3001 Roberto
801 2933 1059 3024 Wesprimieusi,
1083 2934 1208 3004 dacobc

92 3035 238 3108 Watiensi
256 3043 433 3130 Episcopis
448 3042 614 3109 Ecclesias
629 3041 766 3109 feliciter
783 3041 1049 3126 gubernantibus.
1076 3043 1206 3124 Nycho·

93 3143 136 3212 lac
158 3148 309 3218 Palatino
335 3157 368 3216 et
392 3147 515 3218 comite
542 3147 791 3236 Budruguiensi,
820 3149 906 3217 Ocuz
923 3149 1013 3218 Bano
1031 3156 1063 3216 et
1080 3147 1206 3219 Comita

92 3251 282 3343 symigiensi,
300 3257 379 3326 Jvla
395 3257 599 3344 Woyawcda
615 3264 649 3324 et
663 3256 789 3325 Comite
804 3257 1024 3327 Zounukieusi
1042 3257 1209 3329 existntl-

92 3361 149 3446 bus,
157 3363 333 3433 Salomone
342 3364 804 3453 Bachiensi,--ldagistro
813 3365 1213 3456 Tawamicouum‚llicba

93 3467 270 3560 Biboriensi,
325 3470 493 3559 Soyargdo
534 3471 738 3560 Poscnicnsi,
782 3471 932 3542 Jobanne
982 3474 1210 3560 Supruuiensi,

93 3573 221 3648 Pollione
230 3580 464 3666 Mussuniensi,
475 3579 579 3646 Micca
587 3579 698 3648 Farrei
719 3580 836 3668 Castri,
852 3581 995 3650 Martino
1013 3582 1211 3652 Oenadiensi

93 3685 255 3755 etduriali
283 3687 421 3778 (domita,
447 3688 619 3775 Nycholao
646 3687 794 3777 Albensi,
812 3689 994 3758 Comitatus
1011 3693 1209 3761 tenentibus.

29 3876 32 3886 Δ
92 3787 182 3876 Regni
197 3797 303 3864 nostri
319 3817 406 3863 anno
422 3816 516 3864 nono.

129 4015 132 4020 ’
170 3993 333 4058 ffialcsics,
352 3995 476 4047 Monam.
496 3995 562 4047 hist.
581 3997 676 4060 sprec.
694 3995 890 4063 zagrabieasis
907 3999 931 4050 1.
950 3998 1008 4050 ktt.
1030 3999 1072 4048 8⁵.
1091 3997 1122 4062 L)

510 4281 778 4294 ...n-*-

187 4687 292 4722 uacuum.
308 4685 388 4723 EUM.
408 4686 476 4724 llwl'.
495 4699 535 4711 -
555 4687 626 4727 ntes.
641 4687 684 4724 XX.
