3116 5178
657 383 818 494 „nso—

172 579 244 657 dem
262 584 375 657 Buzad
390 585 485 677 Buni,
502 594 533 658 et
550 608 608 674 per
625 589 729 673 ipsum
745 587 963 656 Lunehretum
996 591 1116 654 terram
1147 585 1299 653 Zumbat·

170 696 235 783 hel,
252 697 334 764 Bela
350 703 381 765 et
397 700 551 765 Tornona
568 697 633 782 ipsi
658 696 819 779 Myohaeli
852 697 887 762 in
917 694 1023 760 forma
1054 692 1236 777 oonoambij
1270 699 1302 762 et

170 804 262 888 posis
279 824 390 873 coram
406 804 541 871 Andrea
556 803 681 871 Comite
697 803 934 885 Worosdiensi,
967 800 1020 870 eui
1035 801 1186 868 dominus
1218 800 1298 868 Bela

170 911 241 978 Rex
257 911 333 980 huie
348 913 422 1000 paoi
438 912 594 980 interesse
621 909 781 996 iussisset,
814 909 909 978 modo
925 915 958 976 et
973 908 1033 976 sub
1049 905 1250 992 obligamine
1264 907 1299 976 iu

171 1019 284 1086 eodem
300 1020 475 1105 priuilegio
502 1020 661 1104 contento,
694 1016 789 1084 datas
821 1016 892 1084 fore
924 1016 1108 1086 denotabat.
1148 1015 1298 1083 'Persium

171 1147 250 1196 vero
266 1127 475 1215 priuilegium
491 1128 552 1195 stb.
585 1129 705 1193 Datum
721 1127 783 1194 stb.
814 1125 906 1193 Bude
922 1125 1082 1210 vigesimo
1098 1124 1154 1192 die
1170 1129 1300 1192 octaua

170 1256 244 1302 rum
270 1233 347 1303 festi
378 1233 622 1303 Purifieaoiouis
652 1233 753 1300 Beate
784 1233 931 1318 Virginis
961 1230 1181 1317 predictarum
1211 1251 1299 1298 anno

49 1413 53 1419 ,
170 1342 306 1410 Domini
336 1342 486 1410 ΜΟΟΟΟο
516 1341 755 1430 septuagesimo
787 1349 889 1430 sexto,
923 1339 1028 1425 Regni
1058 1345 1168 1407 autem
1198 1338 1299 1408 nostri

169 1470 256 1517 anno
273 1450 439 1520 tricesimo
455 1451 575 1534 quinto.

170 1649 311 1710 (Eredetie
331 1665 349 1700 a
366 1649 451 1700 budai
470 1649 524 1699 kir.
543 1626 671 1700 kamarai
690 1646 875 1700 levdlttrban.
907 1645 1001 1697 Endre
1033 1645 1144 1698 varasdi
1175 1645 1297 1711 ldisptn·

169 1735 636 1804 nak1258·kibizonystglsveldt
669 1738 687 1788 l.
714 1736 843 1802 Fejernel
869 1735 933 1788 (lod
953 1737 1028 1801 Dipl.
1047 1737 1096 1790 IV.
1115 1737 1173 1786 lrtit.
1193 1741 1217 1786 2.
1237 1737 1298 1788 resa

655 1832 716 1879 397.
735 1829 803 1894 lap.)

600 2111 868 2126 n——m—-t

700 2652 775 2721 sot.

170 2847 307 2919 Rolosd
324 2876 344 2918 α
360 2851 486 2938 kirdlya‘
501 2851 610 2917 odeas·
625 2850 804 2938 birdjrtnak
818 2850 947 2916 Furious
965 2849 1165 2938 odrjolda'py
1173 2850 1295 2938 fetaru-

376 2959 574 3027 badrddadra
590 2961 764 3028 oonutkozd
786 2958 970 3025 irolettovele.
994 2960 1091 3028 1256.

280 3156 349 3225 Nos
365 3155 481 3225 Comes
496 3155 668 3224 Rorandns
684 3156 795 3225 ludex
809 3153 905 3223 Gurie
921 3152 1043 3222 domini
1067 3153 1167 3240 Regis
1196 3154 1295 3240 signi-

167 3263 303 3330 lieamus
320 3264 468 3331 omnibus
485 3283 619 3349 presens
636 3265 791 3350 seriptum
807 3263 1019 3348 intuentibus,
1037 3262 1123 3347 quod
1135 3285 1207 3331 oum
1217 3265 1295 3330 Far·

167 3372 278 3438 nasius
293 3371 380 3438 lilius
395 3371 502 3439 Botha
518 3371 784 3458 aj0bagionibus
801 3371 907 3440 (lustri
923 3370 1158 3454 comparuisset
1183 3390 1294 3438 eoram

168 3479 273 3565 nobis,
284 3477 482 3563 Jobagiones
498 3479 608 3547 castri
625 3486 834 3548 asseruerunt
851 3479 927 3546 vina
942 3493 1031 3565 vose,
1061 3478 1147 3563 quod
1164 3480 1295 3547 omnino

169 3585 349 3653 Ferrarius
367 3605 404 3653 se
419 3587 608 3655 retraxisset
616 3588 818 3668 ;·Fareaoius
834 3607 910 3654 vero
927 3585 1058 3655 dicebat
1073 3606 1109 3654 se
1122 3586 1294 3654 liberatum

166 3693 388 3778 pergratiam
404 3695 625 3782 Regis,super
642 3694 759 3779 quibus
775 3693 902 3761 litteras
930 3693 1053 3761 domini
1084 3695 1182 3778 Regis
1214 3693 1296 3762 dixit

165 3801 324 3885 optinere.
364 3799 473 3880 Qusre
489 3801 576 3870 diem
592 3800 802 3886 assignantes
833 3799 1072 3888 intelleximus,
1102 3802 1304 3870 Faroasium.

166 3906 295 3974 litteras
310 3907 410 3991 Regis
427 3907 547 3976 habere
564 3916 596 3976 et
612 3916 811 3996 presentare,
830 3915 863 3974 et
878 3907 940 3975 hoo
955 3909 1051 3975 modo
1077 3906 1130 3976 die
1162 3929 1295 3994 presen-

164 4013 249 4082 tauit
263 4013 393 4083 litteras
409 4023 627 4102 memoratas3
652 4019 768 4102 quibus
781 4017 979 4102 jobagiones
994 4013 1102 4082 Castri
1129 4036 1195 4082 non
1220 4036 1294 4085 oon·

164 4119 379 4208 trudixerunt,
395 4121 455 4189 sed
472 4123 633 4213 dixerunt,
652 4124 737 4209 quod
751 4130 877 4190 tantum
895 4122 999 4206 ipsius
1025 4141 1197 4207 personam
1223 4143 1294 4192 eum

166 4228 235 4296 suis
251 4227 462 4298 facultatibus
478 4231 662 4300 liberasset.
687 4231 780 4298 Vnde
794 4228 1027 4315 intelleximus,
1045 4234 1164 4296 terram
1181 4231 1297 4318 ipsine,

166 4355 263 4420 qnam
279 4355 419 4422 persona
437 4337 516 4405 dieti
532 4339 679 4426 Fareasij
697 4337 901 4424 optinuisset,
927 4336 1082 4404 Fareasio
1108 4358 1294 4421 remanere3

170 4449 291 4510 terram
305 4449 427 4532 sutem,
445 4465 543 4529 qnam
558 4445 664 4533 ipsius
681 4447 858 4531 generatio
874 4443 1055 4531 optinebat,
1067 4463 1124 4530 per
1140 4445 1294 4513 Maiorem

165 4548 340 4617 Exercitus
356 4550 565 4621 Salomonem
591 4552 689 4622 tilium
720 4553 801 4636 Oeh,
835 4559 866 4620 et
898 4573 956 4639 per
988 4551 1071 4619 alios
1096 4550 1295 4637 jobagiones

164 4653 281 4742 Castri,
298 4657 413 4726 Castro
429 4661 601 4733 obdurari.
634 4661 699 4731 Sed
715 4662 923 4748 priuilegium
942 4659 1065 4730 domini
1079 4660 1189 4746 Regis,
1208 4661 1294 4748 quod
1315 4651 1319 4659 ’
