3206 5184
328 499 361 576 in
378 513 492 580 nostru
507 506 676 598 presencia
691 507 732 576 ab
749 505 816 578 una
846 515 942 595 purte
972 506 1131 592 Maricas,
1166 504 1279 576 Abbus
1312 503 1466 576 Ecclesia

287 625 288 632 ’
327 619 544 706 Toplicensis,
561 625 594 686 et
612 615 938 708 fraterculorum,
961 615 1188 686 cellerararius
1214 613 1358 686 ¹eiusdem
1383 616 1463 704 loci,
1554 663 1560 670 -

327 747 386 814 pro
404 747 440 796 se
471 735 503 798 et
532 726 687 795 fratribus
718 724 806 796 dicte
836 725 984 794 Ecclesia
1014 724 1194 808 universis3
1217 726 1309 792 stab
1341 726 1456 794 ultera

328 835 484 919 Marinus,
516 835 600 904 lilius
626 832 761 903 Comitis
776 831 897 900 Hirinlr
913 854 972 920 pro
987 853 1023 901 se
1040 836 1072 902 st
1087 831 1243 901 iratribus
1259 834 1339 920 suis,
1356 833 1457 901 Petro

329 943 453 1013 scilicet
482 949 514 1012 et
544 941 703 1021 Johannc,
729 947 938 1010 asseruerunt
955 968 962 1009 :
978 942 1064 1028 quod
1084 942 1149 1027 ipsi
1166 940 1208 1010 de
1231 941 1459 1010 controversia

13 1058 42 1132 '‚
139 1109 141 1122 ,
223 1131 225 1136 ,
267 1069 270 1074 ·
326 1057 360 1120 et
390 1057 479 1121 mota
510 1052 679 1137 questione
709 1050 794 1120 inter
824 1049 923 1138 ipsos,
949 1056 981 1119 et
1012 1049 1165 1137 dampnis
1205 1071 1244 1116 ac
1274 1049 1459 1118 lanionibus

34 1151 36 1162 ¹
326 1179 389 1246 que
418 1159 600 1228 inciderunt
629 1161 662 1226 iu
688 1158 804 1229 eadem
828 1178 926 1246 super
941 1158 1098 1227 limitibus
1114 1163 1273 1226 terrarum
1300 1158 1459 1247 Jarourel,

326 1289 389 1355 que
420 1276 469 1338 est
500 1268 616 1337 Marini
647 1275 679 1336 et
709 1271 845 1336 fratrum
876 1287 1020 1354 suarum,
1052 1274 1084 1335 ot
1114 1267 1277 1355 Powoniu,
1308 1287 1371 1353 que
1402 1273 1459 1334 est

326 1375 476 1467 ribbatis,
507 1382 707 1460 vocatorum,
725 1382 757 1444 et
773 1375 815 1444 de
830 1375 906 1444 aliis
923 1376 1085 1444 uniuersis
1101 1375 1374 1459 contaminamus,
1390 1395 1459 1461 que

326 1487 410 1555 inter
452 1486 583 1557 easdem
624 1493 735 1573 partes
776 1485 923 1570 adusque
962 1493 1198 1573 precesserunt,
1238 1484 1461 1553 mediantibus

327 1597 468 1682 arbitris,
501 1596 628 1664 scilicet
659 1595 809 1664 Jobanne
840 1594 965 1663 Gomits
989 1594 1057 1662 filio
1073 1595 1194 1662 Irizlaii
1210 1615 1251 1662 ex
1267 1602 1360 1680 parte
1375 1595 1461 1660 Fec-

328 1704 419 1791 istis,
436 1707 469 1772 et
483 1703 600 1791 Egidio
632 1703 699 1771 filio
733 1701 895 1771 Berinlnii‘
915 1723 956 1770 cx
986 1709 1079 1788 parte
1109 1702 1226 1770 Marini
1255 1709 1286 1770 et
1316 1700 1457 1769 fratrum

326 1833 468 1902 suornm,
484 1813 606 1897 electis,
622 1811 732 1880 'l'ordu
749 1811 851 1880 eciam
869 1819 902 1879 et
917 1811 1077 1880 Poorseno
1103 1809 1300 1881 officialibus
1313 1808 1457 1878 Abbatis

327 1919 361 1985 in
392 1919 535 2006 collegas
566 1921 694 1988 arbitrii
725 1919 915 2007 assumptis,
948 1919 991 1986 ad
1023 1918 1228 1986 concordium
1264 1925 1457 2006 perpetuam

328 2035 406 2097 suut
435 2027 594 2116 perducti,
625 2028 783 2113 adquam
815 2024 1055 2095 observandam
1072 2026 1304 2096 inviolabiliter
1319 2046 1355 2094 se
1370 2026 1457 2093 obli·
1483 2085 1489 2092 .

328 2143 458 2225 gerunt,
473 2137 602 2206 sublata
617 2142 650 2205 et
664 2142 787 2206 remota
804 2135 945 2206 cuiusvis
960 2135 1137 2222 questionis
1168 2135 1305 2204 materia
1320 2160 1328 2218 ;
1357 2140 1453 2203 tante

332 2243 424 2329 pacis
440 2243 602 2331 firmitate,
621 2245 707 2330 quod
724 2251 839 2312 neutra
853 2245 999 2330 parcium
1019 2263 1117 2329 super
1132 2245 1298 2330 premissis
1315 2259 1459 2311 exnunc

331 2351 450 2436 agendi
491 2352 614 2422 babeat
654 2352 842 2422 facultatem
893 2353 1110 2421 mediantibus
1160 2352 1255 2420 metis
1297 2357 1457 2420 terrarum

329 2458 546 2544 predictarum
578 2461 782 2549 subscriptis,
814 2462 848 2528 in
865 2480 947 2545 quas
963 2460 1102 2527 finaliter
1116 2466 1355 2530 consenserunt.
1371 2458 1460 2539 Qua-

330 2585 399 2632 rum
416 2567 532 2656 prima,
549 2569 634 2637 sicut
649 2577 760 2655 partes
777 2567 870 2636 nobis
887 2568 1074 2648 retulerunt,
1093 2567 1209 2654 incipit
1223 2568 1311 2654 apud
1337 2568 1455 2654 riuum,

330 2673 459 2743 nomine
489 2677 658 2762 Pulolrins,
690 2677 745 2746 ubi
777 2677 876 2745 babet
909 2678 992 2745 duas
1022 2678 1156 2746 arbores
1187 2675 1245 2760 tul,
1260 2677 1320 2743 sub
1338 2677 1455 2760 quibus

330 2789 406 2851 suut
422 2784 485 2852 due
502 2793 585 2854 mete
601 2793 705 2854 terree
722 2810 730 2872 ς
754 2787 830 2853 inde
846 2786 991 2873 procedit
1007 2806 1120 2854 versus
1136 2785 1290 2853 orientem
1309 2791 1342 2853 et
1366 2785 1458 2853 venit

329 2889 373 2957 ad
389 2894 505 2980 lacum,
530 2893 584 2977 qui
600 2891 713 2962 Lokeu
730 2899 951 2980 nuncupatum
975 2895 1050 2962 inde
1066 2892 1216 2962 ascendit
1240 2891 1456 2962 monticulum

329 3019 426 3085 super
442 3021 537 3087 quem
554 3009 629 3070 sunt
646 3003 710 3069 drre
727 3009 812 3070 mete
842 3009 968 3088 terree;
992 3002 1069 3070 inde
1098 3002 1279 3089 procedens
1310 2999 1460 3069 ascendit

328 3106 419 3175 iuxta
442 3109 573 3195 fontem,
606 3111 743 3178 etrenit
773 3108 816 3177 ad
847 3109 984 3178 rivulum
1014 3130 1112 3176 unum
1146 3109 1179 3175 in
1210 3130 1273 3195 quo
1304 3109 1458 3178 suutdue

327 3221 410 3284 mete
427 3223 540 3302 terree;
556 3217 591 3285 in
608 3218 720 3286 eodem
738 3217 842 3284 rivulo
858 3217 1008 3285 ascendit
1024 3216 1068 3286 ad
1084 3216 1165 3287 duas
1188 3224 1291 3286 metas
1309 3223 1455 3300 terreas;

326 3323 402 3392 inde
429 3324 577 3396 ascendit
606 3347 762 3412 maguum
794 3333 933 3397 montem
965 3327 1021 3394 ubi
1053 3334 1103 3395 est
1132 3347 1254 3410 magna
1278 3326 1342 3413 ria,
1359 3325 1455 3392 iuxta

324 3455 419 3520 qoam
436 3440 512 3502 suut
528 3435 591 3503 duc
608 3441 692 3504 mete
708 3441 835 3520 terree;
869 3436 903 3502 in
923 3433 1037 3504 eadem
1054 3453 1175 3520 magna
1191 3435 1245 3503 via
1275 3441 1310 3503 et
1340 3434 1458 3501 eodem

276 3559 285 3572 ‘
327 3547 436 3610 monte
461 3541 608 3629 procedit
624 3564 682 3630 per
698 3543 883 3630 frequentes
899 3551 1005 3612 metas
1021 3551 1154 3628 terreas,
1170 3542 1288 3629 quibus
1305 3541 1455 3612 decursis

327 3649 452 3718 exitde
484 3651 539 3720 via
569 3660 601 3719 et
632 3652 802 3721 descendit
835 3652 1003 3720 invallem
1036 3673 1133 3720 unam
1165 3652 1208 3719 ud
1238 3651 1323 3720 duaa
1354 3658 1459 3720 metus

326 3763 470 3843 terreas3
504 3758 582 3828 iude
613 3759 761 3828 aseendit
791 3760 835 3828 ad
867 3779 1023 3827 cacumen
1053 3761 1182 3844 montis,
1212 3767 1246 3826 et
1276 3759 1310 3825 in
1343 3757 1458 3827 eodem

328 3865 496 3933 cacumine
512 3886 571 3951 per
588 3865 775 3952 frequentes
790 3873 896 3935 metus
912 3875 1039 3936 terreas
1066 3865 1212 3955 procedit
1229 3873 1262 3934 et
1292 3867 1383 3934 uenit
1413 3865 1459 3932 nd

326 3973 409 4041 duas
440 3977 575 4044 arbores
605 3979 661 4060 tul,
690 3976 749 4045 sub
782 3976 898 4062 quibus
930 3982 1006 4044 sunt
1036 3976 1099 4044 due
1129 3965 1351 4063 metcterree;
1375 3974 1454 4042 iude

330 4081 475 4170 procedit
491 4083 525 4151 in
542 4083 656 4153 eodem
674 4083 843 4152 cacumine
859 4104 919 4170 per
940 4084 1125 4167 frequentes
1137 4082 1280 4150 binarios
1297 4089 1456 4154 metarum

332 4197 520 4281 torrentum,
537 4194 572 4260 in
589 4213 724 4278 quornm
750 4192 863 4260 ultimo
891 4212 988 4259 unam
1011 4190 1221 4278 superiorem,
1239 4197 1271 4258 et
1286 4191 1456 4260 descendit

327 4319 499 4386 parumper
514 4301 758 4369 adinteriorem
790 4299 875 4367 riam
907 4299 941 4367 in
967 4301 1068 4369 latere
1092 4299 1230 4384 montis,
1263 4303 1297 4367 ct
1322 4299 1391 4368 exit
1416 4300 1457 4367 de

329 4407 443 4474 eadem
476 4408 530 4475 via
568 4409 612 4475 ad
650 4407 815 4475 dexteram
854 4417 993 4495 partem,
1025 4416 1058 4476 et
1089 4407 1258 4476 descendit
1284 4405 1327 4476 ad
1359 4415 1458 4494 caput

328 4517 436 4595 sontis,
467 4516 523 4584 ubi
553 4523 603 4585 est
633 4517 732 4584 arbor
761 4518 881 4602 grabes
898 4525 1023 4606 uocatu,
1041 4518 1102 4587 sub
1119 4521 1276 4603 quaeunt
1292 4515 1458 4583 duemete

330 4629 453 4705 terree;
476 4624 553 4692 inde
568 4623 716 4710 procedit
732 4623 776 4692 ad
792 4625 879 4694 alies
895 4624 978 4694 duas
996 4635 1100 4695 metes
1133 4632 1256 4694 terrens
1265 4641 1276 4707 ;
1301 4609 1377 4691 inde
1409 4621 1456 4689 di·
