3228 5198
560 353 718 452 ..Ll-

18 569 21 648 l
78 539 153 608 Belo
169 543 274 624 quarti
291 562 380 609 euno
396 543 824 615 Domiuiee'lnearnacionis
849 548 1021 616 millesimo
1052 550 1200 618 ducente·

18 651 31 742 ᾗ·
80 649 157 716 simo
173 649 338 720 tricesimo
354 649 502 736 septimo,
519 650 661 719 secundo
677 672 780 722 nouas
797 654 886 740 Maii,
901 639 1010 742 Regni
1023 665 1133 726 autem
1150 661 1202 726 sui

18 753 20 786 ³
81 775 162 822 anuo
178 755 322 825 secundo
340 756 594 842 priuilegialiter
609 765 733 846 exorta,
750 760 864 845 sigillo
882 763 1026 833 eiusdem
1052 764 1201 852 dupplici
1220 823 1222 828 .

18 927 20 940 ἶ
80 864 272 950 impendenti
291 863 425 950 uallata,
442 866 613 935 continens
638 867 673 933 iu
698 889 734 940 se
766 890 878 940 omnes
909 870 1135 961 prerogatiuas
1167 883 1202 941 et

18 979 19 1046 j
80 970 242 1040 libertates
257 973 342 1058 ipsis
358 969 484 1042 ciuibus
499 972 699 1044 Albensibus
715 995 908 1067 conoessas;
933 979 1017 1046 iuter
1033 985 1140 1046 cetera
1165 963 1221 1046 in'.

18 1087 20 1096 '
82 1080 235 1166 principio
252 1079 366 1148 eedem
383 1080 494 1148 littere
509 1080 745 1169 exprimebant,
777 1086 865 1169 quod
891 1109 964 1156 cum
990 1084 1197 1173 priuilegium

18 1181 20 1254 ἑ
80 1186 185 1254 Sancti
202 1185 363 1273 Stephani
379 1188 490 1273 Regis,
506 1189 633 1274 pariter
649 1196 682 1258 et
697 1191 814 1276 Legati
840 1201 906 1262 tum
933 1193 1029 1262 Sedis
1062 1194 1200 1280 Aposto-
1216 1233 1222 1238 ··

18 1269 22 1376 f
80 1294 137 1360 lice
137 1295 346 1380 ,bospitibus
361 1295 558 1363 Albensibus
575 1316 764 1366 concessum
779 1301 923 1368 infausto
940 1322 1018 1370 casu
1048 1299 1199 1387 incendij

18 1377 187 1469 linisset
200 1421 395 1471 conuersum
411 1403 446 1468 iu
462 1404 613 1484 cinerem,
630 1405 775 1491 ijdem
749 1426 836 1474 nunes
853 1407 1006 1476 Aliensis
1037 1409 1221 1506 libertatis·
1326 1399 1329 1406 ’

18 1470 24 1574 l
79 1527 130 1576 sue
145 1515 264 1576 statum
280 1509 433 1578 timentes
448 1516 554 1578 tractu
571 1513 776 1598 temporum
767 1533 801 1579 ur
818 1514 951 1583 dubium
968 1517 1115 1584 reuocari
1141 1535 1221 1583 seu.

18 1581 29 1728 i,
79 1615 278 1699 aliquatenus
294 1620 484 1702 aggrauari,
509 1616 615 1685 eidem
647 1618 780 1689 domiuo
812 1621 891 1689 Bele
919 1623 1000 1710 Regi
1032 1621 1199 1690 humiliter

18 1735 20 1806 l
79 1700 323 1808 supplicassent,
338 1729 374 1790 nt
390 1744 578 1793 concessam
609 1726 692 1810 ipsis
723 1747 743 1792 a
773 1735 949 1798 memorato
983 1729 1196 1798 Sanctissimo

18 1801 23 1904 i
79 1832 159 1915 Rege
173 1831 386 1898 libertatem
377 1853 448 1918 ipse
465 1833 614 1899 dominus
631 1833 712 1901 Belo
728 1836 809 1901 Rex
806 1855 873 1903 sno
891 1836 1084 1920 dignaretur
1098 1835 1199 1920 prini-
1213 1877 1217 1883 -

18 1905 22 2034 i
79 1938 155 2021 legio
170 1942 383 2008 communire.
401 1938 514 2007 Idem
505 1940 604 2022 igitur
621 1941 699 2006 olim
716 1941 864 2010 dominus
881 1943 950 2009 Rex
960 1941 1196 2026 Belarpeornm

18 2039 21 2116 l
80 2045 186 2113 ciuium
203 2067 321 2134 preces
336 2047 561 2116 innutabiliter
578 2048 800 2134 admittendo;
835 2069 907 2116 oum
926 2057 1013 2118 esset
1028 2047 1199 2131 notorium,

18 2119 23 2272 ι
80 2162 107 2219 et
120 2157 307 2223 nullatenus
323 2156 448 2222 ueniret
462 2157 498 2221 iu
515 2156 658 2245 dubium,
674 2157 764 2241 ipsos
780 2156 1005 2242 priuilegiatos
1036 2155 1217 2242 extitisse„

81 2267 108 2326 et
120 2264 243 2348 absque
261 2264 329 2331 ulla
345 2263 586 2349 interruptione
601 2264 752 2332 libertate
783 2267 818 2331 iu
851 2263 946 2331 dictis
978 2265 1096 2332 litteris
1128 2263 1200 2332 suis

80 2375 228 2440 annotata
242 2389 321 2438 usos
339 2370 492 2437 contiuuo
508 2369 620 2457 fuisse,
635 2371 776 2454 benigne
794 2371 1007 2441 concessisset
1036 2371 1124 2456 qnod
1139 2390 1195 2456 pe·

18 2527 21 2550 ‚
78 2475 188 2544 tebaut.
212 2480 318 2546 Porro
333 2477 477 2564 ipsorum
494 2477 614 2545 oinium
631 2477 821 2566 Albensium
838 2481 971 2546 libertas
997 2485 1067 2547 erat
1099 2477 1199 2544 talis:

80 2583 153 2664 quod
168 2586 203 2651 in
220 2593 293 2653 toto
309 2585 422 2671 Regno
438 2582 507 2672 suo,
523 2586 634 2654 necin
651 2586 763 2672 aliqua
778 2593 874 2670 porta
890 2585 1023 2673 confinij
1042 2582 1216 2655 tributum..

82 2692 169 2761 alicui
185 2693 319 2760 soluere
335 2692 587 2779 compellantur3
610 2701 761 2778 preterea
780 2694 964 2779 quicunque
979 2693 1125 2776 hospites
1153 2691 1196 2758 ed

79 2816 129 2866 eos
143 2801 294 2890 transire,
313 2807 434 2866 etcum
451 2801 498 2868 eis
515 2801 702 2868 conuersari
718 2802 888 2885 voluerint,
905 2821 945 2869 ea
962 2801 1115 2869 libertate
1130 2819 1214 2882 qua»

80 2905 135 2991 ipsi
149 2909 313 2991 fruuntur,
330 2905 484 2973 similiter
499 2907 533 2972 iu
549 2915 739 2992 perpetuum
755 2909 945 2994 pociantur;
970 2906 1057 2993 quod
1073 2907 1101 2972 si
1124 2905 1198 2990 quie

78 3015 222 3084 uibntum
239 3018 283 3084 ab
300 3015 384 3101 ipsis
400 3015 559 3082 violenter
576 3015 759 3103 extorserit,
778 3017 861 3083 iram
879 3018 978 3100 Regis
1003 3013 1195 3100 Maiestatis,
1205 3071 1216 3078 ..

79 3131 106 3190 ct
118 3143 222 3191 rerum
239 3142 373 3192 enarum
391 3121 595 3207 dispendium
613 3123 726 3191 merito
743 3123 916 3191 sustinebit
942 3124 1003 3190 stb.
1035 3123 1097 3190 stb.
1129 3121 1195 3186 stb.

80 3231 211 3310 Quarum
228 3229 361 3316 quidem
377 3229 558 3297 litterarum
577 3229 801 3298 exhieionibus
816 3231 913 3300 fantis
930 3233 991 3299 sth.
1015 3227 1077 3314 (Aa
1092 3229 1198 3315 itelet,
1321 3313 1333 3326 ι

78 3339 177 3429 hogy)
186 3346 284 3428 prout
299 3357 340 3405 ex
356 3343 469 3405 tenore
494 3337 715 3424 predictarum
745 3337 927 3406 litterarum
958 3337 1035 3404 olim
1069 3335 1190 3402 domini

79 3447 146 3517 Bele
158 3446 259 3531 Regis
276 3466 334 3532 pro
353 3451 446 3530 parte
462 3445 593 3533 ciuium,
609 3435 773 3530 hospitum
801 3451 834 3512 et
865 3444 1042 3512 incolarum
1074 3441 1196 3509 Ciuita-

79 3559 134 3620 tum
148 3552 315 3640 Albensis,
332 3550 509 3637 Budeusis,
527 3551 731 3621 Pesthiensis
748 3559 786 3637 et¹
794 3541 1024 3637 strigoniensis
1036 3551 1196 3618 exhibita·

30 3731 34 3737 ,
79 3683 137 3730 mm
151 3661 325 3730 libertates
341 3661 485 3744 ipsarum
503 3659 679 3726 Cinitatum
697 3658 938 3727 declaraucinm
954 3658 1197 3727 dabaturiutel·

80 3770 136 3856 ligi,
152 3771 253 3856 longe
280 3774 356 3835 ante
386 3775 535 3853 tempora
564 3767 735 3854 prescripti
768 3768 890 3836 domiui
922 3768 1054 3854 (leyche
1085 3767 1213 3851 Regis,¹

80 3879 268 3963 temporibus
286 3873 411 3942 scilieet
427 3872 564 3941 antelati
580 3868 786 3942 Sanctissimi
803 3875 907 3956 Regis
931 3872 1109 3960 Stephani·
1125 3891 1196 3956 pro·

81 3995 108 4050 ut
122 3985 205 4054 idem
221 3985 294 4060 Rex
309 3983 391 4050 Belo
407 3981 526 4049 litteris
543 3983 611 4050 suis
627 3981 782 4068 predictis
813 3979 1031 4048 mediantibus
1063 3979 1192 4064 profite-

26 4098 32 4111 '
80 4095 169 4180 batur,
187 4091 347 4160 Ciuitates
364 4089 435 4175 ipse
452 4096 748 4173 consequenterque
763 4088 876 4175 populi
902 4095 935 4156 et
964 4087 1121 4173 hospites,
1152 4105 1192 4152 ao

82 4200 157 4269 eines
174 4208 205 4269 et
221 4197 330 4266 incole
348 4198 525 4265 earundem
543 4196 586 4263 ab
611 4197 699 4264 omni
730 4197 907 4264 exaccione
940 4213 996 4262 sen
1028 4193 1194 4261 solucione

79 4309 240 4376 tributaria
255 4313 424 4392 exemptos
441 4306 543 4374 fuisse
559 4312 592 4373 et
607 4324 680 4373 esse
697 4303 856 4372 ausentius
882 4301 1058 4382 renitando,
1086 4299 1193 4367 huius·

33 4419 38 4427 '
79 4415 152 4486 modi
167 4417 341 4484 libertates
357 4421 391 4480 et
407 4413 633 4499 euempeioues
651 4412 730 4499 ipsis
748 4409 942 4479 Ciuitatibus
959 4416 991 4476 et
1008 4427 1118 4478 earum
1146 4410 1194 4475 iu·

37 4558 42 4567 1
79 4513 149 4594 nolis
164 4529 228 4594 sth.
247 4543 305 4609 per
322 4522 500 4607 predictum
518 4519 763 4587 Sanctissimnm
779 4519 917 4606 primum
933 4519 1052 4598 Regem
1062 4515 1195 4602 Hungu-

37 4650 42 4658 ·
78 4631 115 4700 ric
130 4631 225 4701 datas
243 4638 275 4699 et
292 4649 467 4715 comesses,
484 4631 663 4716 peripsum
681 4627 845 4695 domiuum
861 4625 972 4692 Belum
989 4625 1110 4709 Regem
1131 4623 1210 4691 stb..
