3206 5184
823 326 985 431 Q

338 521 429 602 nant
453 518 516 602 sibi
542 517 703 600 violantur
729 524 942 614 usurpabant,
959 540 1042 609 quas
1058 519 1303 592 illustrissimus
1320 519 1472 592 dominus

339 647 467 710 nostras
482 635 602 726 notu),
618 637 681 705 Dei
696 635 811 723 gracia
835 634 1004 719 Huugaria
1027 631 1108 719 Rex,
1135 632 1168 699 iu
1193 639 1387 721 perpetuam
1412 632 1474 699 oie·

340 749 500 817 mosinam
540 745 723 815 contulerat
763 741 960 812 idonsstcrio
991 739 1199 828 'Popiiocusi3
1232 761 1292 828 pro
1323 762 1391 826 qna
1421 760 1470 824 rc,

340 877 413 926 oum
435 855 566 944 utrique
580 857 666 944 parti
696 852 783 923 diem
813 852 849 919 in
878 849 996 935 Biohig
1027 848 1282 936 proflxisscmns,
1315 857 1349 918 ct
1378 852 1474 918 amba

339 971 451 1052 partos
475 982 584 1032 coram
609 960 703 1031 nobis
729 961 924 1047 astitissent,
950 958 1071 1027 Stanec
1088 957 1197 1026 Judcx
1211 956 1254 1026 dc
1270 957 1423 1026 Polhana
1439 965 1474 1026 at

340 1071 534 1157 iobagionos
561 1069 707 1140 ciusdem
731 1081 817 1140 torus
852 1066 1107 1154 confessisunt,
1133 1072 1235 1136 totum
1259 1085 1374 1136 vorum
1401 1085 1476 1135 casa

342 1176 493 1266 quitquid
506 1177 621 1247 Abbas
637 1175 844 1263 aiiiirmabat,
859 1180 892 1243 ct
907 1173 995 1261 quod
1027 1172 1236 1262 supradictas
1259 1193 1373 1263 aquas,
1390 1194 1475 1260 quaa

342 1287 449 1355 tonuit
477 1285 684 1373 Ludcgarius
714 1291 748 1356 at
777 1284 927 1368 Pribisia,
957 1283 1112 1353 videlicut
1143 1281 1255 1373 Gesta,
1292 1283 1417 1368 'l'rogia
1442 1291 1479 1350 ct
1587 1361 1591 1368 p

344 1391 539 1480 chronicis,
567 1413 627 1480 per
646 1389 781 1477 aliquod
797 1399 924 1478 tempus
941 1387 1061 1460 iniusto
1075 1389 1266 1480 tenuissent,
1283 1411 1366 1475 quas
1383 1389 1472 1456 dioto

344 1501 469 1570 Abbati
487 1500 622 1588 pacifico
651 1499 864 1580 raddiderunt
894 1505 927 1568 ct
956 1498 1088 1585 quictc;
1118 1497 1182 1566 nisi
1211 1498 1300 1582 quod
1330 1499 1474 1568 Dasiuoc

344 1605 504 1698 Poiprudi
530 1606 763 1696 calumpniavit
789 1627 860 1676 ease
885 1625 988 1694 suam,
1011 1607 1123 1675 Abbas
1147 1597 1257 1676 autom
1273 1607 1475 1676 econtrario

347 1714 519 1804 respondit
538 1733 612 1784 caso
636 1735 738 1785 suam.
764 1715 834 1783 Nos
859 1721 971 1783 antem
998 1713 1039 1784 da
1062 1714 1200 1783 consitio
1227 1713 1479 1784 Communitatis

346 1823 458 1913 sena,
482 1822 571 1890 dicto
585 1823 727 1892 Daaincc
741 1821 896 1891 iudicium
912 1822 1109 1890 sacramenti
1125 1823 1234 1890 taliter
1249 1823 1426 1895 obtulimus
1443 1831 1479 1891 ut

348 1927 576 2018 iudicauimus,
592 1930 679 2016 quod
695 1930 767 2018 ipsc
781 1950 854 1999 cum
870 1931 1040 1999 duodecim
1057 1929 1242 2000 hominibus
1256 1931 1368 2000 iurato
1383 1931 1479 2000 debc-

348 2045 410 2126 nat,
437 2037 525 2124 quod
549 2036 740 2126 calumpnia
764 2056 825 2106 sua
841 2037 882 2106 dc
898 2037 1089 2123 supradicta
1103 2056 1190 2125 aqua
1203 2037 1353 2108 veritatis
1369 2039 1481 2108 trami·
1592 2035 1594 2040 '

348 2151 416 2214 tam
432 2165 497 2212 nou
512 2145 639 2214 transit.
656 2143 719 2224 Qui
734 2145 778 2214 ad
794 2143 855 2214 hoo
871 2164 944 2214 cum
962 2146 1125 2232 peteretur
1135 2147 1259 2234 jnrurc,
1277 2167 1342 2215 uon
1359 2149 1480 2234 potuit,
1593 2237 1594 2240 Ἴ

350 2271 450 2337 quum
480 2272 593 2322 omues
623 2252 672 2322 illi
704 2253 758 2338 qni
788 2273 863 2321 oum
880 2273 919 2321 so
934 2253 1041 2322 iurato
1066 2253 1255 2324 debuissent
1269 2263 1479 2325 asseruerunt

350 2357 429 2426 viva
442 2377 532 2447 uoco,
548 2359 749 2447 sepedictam
764 2380 885 2446 aquam
910 2382 974 2431 non
1005 2380 1206 2452 assumam,
1237 2363 1334 2430 immo
1365 2363 1480 2450 pocius

353 2464 505 2553 abbatis,
520 2465 605 2536 sicut
628 2468 775 2555 superius
791 2477 841 2539 ast
855 2469 1057 2556 promissum.
1071 2471 1114 2538 nt
1131 2471 1174 2540 dc
1188 2471 1242 2540 his
1258 2469 1411 2540 omnibus
1427 2469 1480 2538 dc
1593 2535 1594 2538 ,

353 2573 460 2644 dimus
480 2574 671 2666 pristaldum
687 2584 833 2646 nostrum
848 2578 978 2648 nominc
992 2579 1090 2666 dana,
1106 2587 1139 2650 ct
1158 2580 1260 2650 alium
1282 2579 1482 2668 pristaldum

353 2679 394 2751 do
418 2680 567 2753 Polhana
598 2682 730 2752 nomino
763 2683 922 2753 Nadovm.
949 2687 991 2754 Et
1018 2691 1054 2754 ut
1078 2684 1140 2756 hoo
1163 2689 1262 2758 robur
1286 2695 1319 2757 ct
1343 2688 1482 2758 firmitas

352 2789 529 2880 muniatur,
543 2789 596 2858 his
612 2790 755 2876 sigillum
772 2798 920 2861 nostrum
941 2796 1151 2881 opposuimus
1167 2816 1239 2867 oum
1256 2796 1367 2884 sigilio
1386 2817 1483 2867 vens·

353 2897 469 2968 rubilia
484 2899 588 2986 putria
601 2899 723 2970 domini
741 2899 918 2990 L(adislai)
933 2901 1107 2990 Tynicusis
1124 2905 1278 2993 Episcopi
1296 2913 1328 2977 ot
1343 2905 1482 2974 tranum

354 3005 596 3077 Prodicatorom
637 3008 677 3076 dc
716 3008 826 3094 Bihig.
867 3009 989 3080 Datum
1029 3031 1115 3084 auno
1155 3013 1289 3084 Domini
1331 3012 1480 3086 Mocnx

355 3119 461 3182 sunto.

465 3307 625 3384 (Thalcsios
643 3312 766 3373 nouum.
786 3312 855 3372 hiat.
874 3316 968 3386 nptsc.
987 3313 1103 3390 umas.
1123 3319 1146 3375 1.
1174 3318 1234 3378 tut.
1256 3322 1316 3382 1³⁵.
1334 3323 1366 3392 t)

788 3687 838 3708 m
857 3689 889 3709 ..
907 3688 918 3710 ,
1025 3691 1054 3712 ,,
