3160 5208
553 405 711 506 Q

71 603 159 682 pater
182 607 299 668 noster
323 602 394 666 Rex
414 600 562 669 Andreas
590 601 750 689 fundavit,
769 603 903 688 speciali
922 605 1039 682 affectu
1056 599 1193 686 diligere

71 715 295 795 proponentes,
320 711 353 776 in
379 727 456 775 usus
482 707 614 776 fratrum
641 711 712 778 Deo
729 709 942 780 serviencium
961 711 994 778 in
1011 712 1137 797 eadem,
1165 717 1198 776 et

72 835 246 901 pauperum
258 818 544 902 susteirtacionem,
570 837 629 902 pro
646 820 752 887 salute
763 821 871 886 anime
888 819 940 904 pie
956 818 1070 886 matris
1086 825 1196 886 nostre

73 923 245 1011 (lertrudis,
272 926 400 1010 Regino
427 925 574 1013 illustris,
601 933 634 992 et
657 927 797 994 omnium
825 935 994 1013 parentum
1014 933 1196 992 nostrornm

71 1051 108 1096 sc
123 1039 240 1117 nostre,
259 1035 302 1100 de
319 1033 507 1106 marturinis
524 1035 642 1102 nostris
668 1055 728 1103 sex
744 1035 994 1120 generacionum
1012 1035 1193 1103 Comitatus

70 1139 108 1205 de
123 1138 242 1208 Gerra:
259 1141 417 1210 Pridirlai
442 1142 596 1211 videlicet
620 1142 662 1210 de
687 1141 790 1211 Boina
814 1145 961 1230 fratrum,
980 1149 1192 1228 cognatorum

70 1255 99 1313 et
114 1249 334 1332 proximorum
347 1254 479 1320 'suorum
497 1271 535 1318 ac
560 1272 798 1333 successorum
814 1252 960 1339 Alpretb,
987 1251 1117 1318 Martini
1135 1249 1193 1318 tilii

70 1357 257 1444 Brocborris,
287 1359 380 1444 Bate,
407 1359 518 1441 Rizlai,
544 1361 667 1427 Trmba
691 1369 722 1426 et
757 1360 902 1442 fratrum,
928 1367 1137 1443 cognatorum
1163 1363 1197 1424 et

69 1483 292 1534 successorum
308 1487 440 1535 suorum
457 1477 490 1535 et
505 1468 714 1551 iobagionum
725 1470 867 1536 omnium
890 1467 1105 1555 predictorum
1130 1463 1195 1531 XX

72 1593 196 1642 marcas
206 1575 376 1642 annuatim
387 1575 580 1644 donavimus
590 1576 624 1642 in
639 1585 830 1663 perpetuum
842 1574 1066 1663 possidendas.
1092 1573 1197 1641 Preci-

18 1723 20 1740 .
69 1680 188 1764 pientes
203 1682 340 1750 firmiter
350 1703 407 1751 sex
418 1684 687 1768 generacionibus
704 1686 887 1753 memoratis
898 1693 930 1754 et
941 1683 1087 1753 omnibus
1098 1683 1139 1749 ab
1150 1681 1220 1748 eis‘
1327 1672 1330 1680 ’

69 1788 354 1878 descendentibus,
381 1812 420 1858 ac
441 1793 591 1861 omnibus
617 1794 843 1878 iobagionibus
860 1791 1044 1876 eorundem,
1064 1797 1099 1858 ut
1114 1788 1198 1856 sieut

18 1917 20 1976 3
74 1897 165 1965 nobis
181 1901 366 1967 maturiore
384 1901 473 1986 ipsas
489 1901 530 1970 de
546 1921 582 1969 se
597 1901 649 1970 vel
666 1901 708 1969 de
723 1902 791 1969 suis
819 1899 1047 1985 iobagionibus
1072 1896 1198 1964 solvere

18 2047 20 2100 r
75 2006 277 2094 tenebuntur,
305 2007 352 2074 sio
377 2007 532 2092 deinceps
559 2011 799 2096 inperpetuum
819 2009 966 2076 Ecclesia
992 2003 1136 2093 predicte
1164 2008 1196 2070 et

18 2153 20 2162 ·
77 2113 336 2183 deservientibus
368 2115 399 2181 in
434 2115 558 2200 eadem,
592 2136 756 2201 quousque
787 2116 930 2204 predicte
955 2112 1072 2199 viginti
1088 2131 1198 2180 marce

18 2215 20 2242 ³
78 2222 244 2290 annuatim
277 2221 399 2291 eisdem
430 2223 637 2311 impleantur,
669 2226 795 2310 absque
825 2225 895 2292 ulla
926 2222 1145 2290 diminucione
1160 2223 1196 2287 at

18 2339 20 2400 i
74 2331 336 2398 contradiccione
362 2332 560 2417 persolvent,
586 2330 731 2415 alioquin
757 2333 976 2400 iramDeiac
1000 2333 1197 2397 nostramet

18 2457 19 2504 ἕ
75 2456 295 2505 successorum
306 2445 487 2504 nostrorum
500 2457 536 2505 se
551 2440 906 2508 noverintincursnros.
932 2439 1070 2506 Peterca
1086 2433 1197 2502 nullus

74 2543 176 2612 Barrus
193 2563 254 2611 seu
281 2545 407 2629 Comes,
441 2545 481 2613 de
508 2546 695 2614 marturinis
712 2547 779 2615 illis
805 2569 841 2615 se
866 2547 1072 2631 aliquatenus
1098 2543 1197 2609 intro·

75 2654 187 2740 mittat,
206 2651 315 2720 donec
341 2654 488 2721 Ecclesia
528 2675 685 2724 summam
717 2657 895 2741 predictam
938 2655 977 2723 de
1009 2648 1198 2720 marturinis

19 2775 21 2782 ’
76 2759 150 2844 ipsis
179 2759 334 2827 habuerit
364 2761 589 2847 adimpletam.
622 2763 777 2830 Volumus
810 2763 894 2830 enim
926 2762 986 2829 boc
1018 2761 1137 2828 donum
1162 2764 1196 2824 et

77 2867 289 2935 elemosinam
325 2877 471 2937 nostram
514 2877 607 2937 tanta
646 2874 839 2940 auctoritate
869 2870 1000 2938 domino
1033 2867 1127 2954 potiri
1159 2864 1193 2929 in

19 2985 23 3060 ὲ
76 2983 261 3062 perpetuum
293 2976 453 3064 firmitate,
494 2980 578 3063 quod
611 2981 719 3047 nullus
762 2981 873 3046 Banns
905 2978 958 3044 vel
990 2975 1108 3043 (tomes
1138 2982 1196 3038 aut

19 3081 23 3142 3:
78 3083 190 3170 aliquis
214 3103 438 3152 successorum
465 3095 647 3154 nostrorum
665 3089 717 3155 vel
743 3088 878 3172 quilibet
903 3087 988 3152 alius
1016 3081 1195 3152 Ecclesiam

80 3191 254 3276 predictam
281 3212 380 3278 super
403 3195 468 3262 illis
495 3196 683 3264 marturinis
698 3196 817 3264 debeat
843 3195 1025 3282 molestare,
1044 3199 1100 3258 aut
1125 3187 1199 3256 huic

80 3299 245 3368 donacioni
289 3310 397 3369 nostre
428 3302 524 3370 modo
556 3303 669 3387 aliquo
710 3304 881 3371 contraire.
913 3303 1049 3386 Insuper
1090 3304 1198 3365 autem

20 3399 23 3492 ᾗ
78 3410 179 3477 omnia
194 3411 279 3494 iura,
303 3411 528 3496 possessiones
555 3419 587 3479 et
602 3413 770 3482 libertates
800 3433 857 3480 seu
873 3411 1018 3498 quelibet
1033 3407 1109 3491 alia,
1135 3423 1198 3490 que

20 3539 21 3542 ¹
80 3519 116 3583 ab
130 3518 251 3586 illustri
268 3527 359 3602 patre
376 3527 484 3588 nostro
500 3521 832 3589 memorateEcclesic
849 3527 881 3587 et
890 3516 1149 3586 deservientibus
1164 3513 1199 3579 in

21 3659 23 3724 g
83 3625 186 3694 eadem
220 3647 415 3711 quocunque
447 3635 591 3715 tempore
622 3635 699 3696 sunt
729 3647 894 3715 concessa,
911 3635 944 3696 et
959 3647 1022 3712 que
1037 3623 1145 3692 adbuc
1160 3620 1220 3687 in'

81 3742 237 3817 posterum
255 3737 354 3802 dante
370 3736 510 3805 Domino
526 3759 547 3803 a
563 3737 806 3824 quibuscunque
822 3737 940 3821 poterit
956 3731 1198 3803 racionabiliter

82 3842 209 3928 adipisci
227 3845 280 3911 rel
295 3845 514 3914 hactenusest
529 3845 662 3933 adepta,
680 3845 825 3913 libereet
840 3845 964 3934 absque
981 3839 1200 3910 diminucione

21 4009 23 4048 ξ
83 3951 185 4037 dique
216 3953 321 4021 eidem
347 3954 494 4022 Ecclesia
526 3953 734 4023 concedimus
761 3961 917 4040 perpetuo
943 3949 1143 4039 possidenda
1168 3955 1201 4016 et

21 4061 28 4128 ἱ
83 4062 267 4128 auctoritate
284 4061 388 4146 Regia
413 4061 653 4130 confirmamus.
679 4061 731 4129 Ad
747 4062 846 4128 robur
863 4061 962 4145 igitur
979 4057 1074 4125 buius
1090 4063 1199 4123 nostre

22 4195 23 4198 ¹
82 4168 330 4236 confirmacionis
346 4167 534 4238 inducemus
546 4167 897 4238 testesrvenerabilcm
909 4167 1198 4254 Arcbiepiscopnm

22 4303 24 4350 ζ
84 4271 302 4359 spalatensem
333 4276 559 4364 Guclrulinum,
589 4277 729 4346 blichum
765 4277 996 4366 Tynniensem
1027 4273 1199 4342 Martinam

22 4377 24 4470 ᾗ
87 4381 338 4469 tubuniensem,
348 4386 527 4473 Episcopos
539 4385 705 4455 Ecclesiae
715 4385 777 4453 Dei
788 4386 927 4453 feliciter
937 4381 1205 4468 gubernantibus3

22 4497 24 4586 ξ
87 4509 119 4560 ut
147 4493 301 4563 illustrem
332 4497 436 4562 virum
463 4495 502 4560 N.
534 4493 753 4564 llarcbionem
786 4494 890 4576 latr-ie,
932 4493 1126 4561 avunculum
1159 4509 1198 4556 ac

23 4595 25 4686 ᾗ
90 4605 238 4668 rectorem
251 4611 404 4688 nostrum,
421 4621 480 4670 nec
495 4623 559 4669 non
571 4603 728 4671 Comitem
748 4601 993 4686 llosuniensem,
1004 4597 1121 4668 Obaalr
1138 4601 1198 4667 Bu·

23 4689 25 4742 l
89 4704 292 4802 drugiensem,
317 4712 457 4782 Pansam
470 4711 709 4801 llerrsiOastri,
731 4709 932 4800 llychaelem
947 4707 1200 4796 symigienuem
1510 4757 1513 4760 -
1540 4729 1561 4788 ,ὲ

1424 4785 1561 4826 ...ιιι-ἀ
