3184 5186
656 357 815 457 joo-

167 555 261 624 lnnm
292 555 468 624 Venerium
499 567 533 623 et
563 552 678 637 eonion,
708 552 795 636 quod
825 571 884 638 per
915 553 991 621 illoe
1007 551 1050 622 de
1065 553 1171 638 Vegla
1187 557 1295 626 abiete
1390 617 1391 620 ,

171 663 302 732 inerunt
318 671 446 733 monete
463 663 591 748 argenti
606 663 752 730 valenton
768 663 868 730 libras
883 657 1020 729 DOGGC
1040 682 1098 746 per
1113 663 1297 732 iohannem

170 771 214 837 de
229 772 325 839 Mille
342 779 374 840 et
390 773 497 840 eoeioe
513 769 553 837 de
568 768 673 853 Vegln
689 768 731 837 de
747 787 814 835 nna
829 767 962 856 beroha,
979 770 1014 835 in
1030 789 1095 853 que
1111 776 1181 837 erat
1197 769 1295 838 etiam

169 879 402 966 Campanario,
435 879 487 946 eni
518 875 721 946 abstulerunt
751 895 844 942 erma
876 884 908 943 et
931 878 1128 944 vestimenta
1153 877 1298 946 volentia

169 985 271 1053 librae
286 985 407 1072 XXIV,
424 986 502 1053 item
518 1005 576 1071 per
592 982 838 1052 Gombertinum
855 989 1005 1070 nepotem
1023 979 1116 1050 Obini
1134 984 1299 1075 npeoialis,
1354 1021 1356 1024 ·

170 1093 260 1177 qnod
277 1095 399 1162 Paulus
414 1093 455 1162 de
470 1093 593 1160 Meriee
609 1090 651 1158 de
666 1091 772 1175 Vegle
803 1090 888 1178 oepit
920 1110 1003 1174 enm,
1035 1097 1068 1157 et
1098 1093 1235 1161 abstulit
1266 1095 1296 1160 ei
1329 1167 1330 1170 ,
1391 1107 1392 1118 ¹

168 1209 256 1267 inter
271 1201 424 1270 denarios
439 1210 472 1269 et
487 1221 538 1267 reo
555 1200 658 1268 libras
677 1199 777 1265 XXX
795 1206 827 1266 et
843 1203 960 1286 postea
975 1198 1198 1266 marturizavit
1214 1221 1299 1287 eum,

169 1313 201 1374 et
216 1309 364 1376 fecerunt
380 1308 444 1375 eibi
461 1309 533 1376 dari
549 1308 599 1375 ilii
618 1307 658 1374 de
673 1307 764 1392 ligno
781 1308 882 1374 libros
899 1312 1027 1374 eentum
1060 1328 1116 1392 pro
1148 1308 1297 1376 redemti-

171 1437 232 1483 one
248 1416 371 1502 ipsine3
394 1417 472 1483 item
488 1435 547 1501 per
563 1415 699 1483 heredes
724 1413 860 1481 Henrini
884 1413 1059 1500 Bambaeii
1086 1414 1170 1500 qnod
1196 1412 1294 1484 homi·

171 1543 231 1592 nee
263 1524 421 1591 Comitum
453 1523 556 1609 Vegle
587 1529 745 1608 oeperunt
774 1540 848 1588 enm
879 1522 967 1609 apud
1000 1522 1240 1608 Novograeum,
1266 1530 1299 1592 et

171 1634 378 1700 abstulerunt
404 1637 532 1698 tantum
550 1637 584 1697 et
599 1629 685 1697 inter
701 1650 741 1696 ea
757 1650 818 1714 que
833 1631 931 1699 solvit
946 1651 1005 1716 pro
1023 1627 1222 1699 redemtione
1238 1652 1298 1699 ena

173 1740 258 1824 qnod
275 1741 336 1807 fnit
352 1741 453 1807 librae
470 1739 583 1820 0000,
598 1740 676 1805 item
694 1758 761 1806 nna
777 1738 901 1825 oharta,
919 1740 952 1806 in
970 1759 1034 1823 qna
1060 1741 1296 1826 eontinebotur,

171 1847 257 1930 qnod
289 1848 410 1915 Paulus
440 1845 551 1914 Moneo
582 1866 655 1913 enm
686 1845 783 1913 eoeiio
811 1846 877 1914 nnio
893 1845 1063 1914 serbonitis
1079 1846 1191 1933 Vegle,
1208 1866 1299 1914 aeee·

172 1959 290 2039 ponunt
304 1953 426 2021 Jacobo
443 1952 546 2021 Penio
562 1953 603 2020 de
619 1953 745 2020 Ventiie
763 1953 883 2020 Senete
909 1952 1036 2020 'Prinite
1067 1955 1168 2021 libras
1201 1953 1297 2043 CXL,
1369 2023 1376 2030 „

172 2069 270 2147 eapte
286 2062 347 2128 fuit
378 2081 454 2147 pare
487 2067 518 2129 et
549 2061 744 2147 ordinatum,
771 2061 858 2144 qnod
882 2081 941 2146 per
960 2061 1099 2130 arbitros
1113 2059 1296 2130 antedictos

171 2169 313 2237 debeant
328 2172 507 2239 examinari
538 2169 713 2256 petitiones
745 2169 963 2254 predietarnnn
995 2171 1180 2237 obortarum
1212 2167 1296 2236 sient

171 2279 325 2364 expedire
355 2278 505 2365 viderint,
536 2279 617 2345 etin
634 2296 683 2364 eo,
699 2277 785 2362 quod
802 2277 942 2344 viderint
969 2297 1064 2363 poseo
1080 2277 1198 2364 dieere,
1217 2295 1292 2342 eum

170 2387 296 2452 natione
312 2385 421 2453 dicere
438 2385 597 2471 debeant3
622 2391 655 2452 et
670 2385 754 2451 nient
771 2403 832 2470 per
862 2403 919 2452 eos
949 2385 1154 2452 terminatum
1186 2383 1296 2466 inerit,

171 2493 220 2559 oie
237 2492 355 2561 debeat
371 2514 428 2579 per
444 2497 555 2578 partes
571 2492 745 2561 observari.

277 2599 365 2666 Noto
395 2600 481 2684 quod
512 2601 714 2686 postmodnm
747 2599 863 2668 Comes
893 2599 1075 2674 Pederieno
1104 2599 1158 2683 qui
1175 2606 1245 2666 eret
1262 2600 1296 2666 in

170 2707 327 2797 Venetiis,
360 2706 443 2774 dixit
472 2706 600 2774 domino
627 2707 709 2775 Dnoi
741 2714 774 2775 et
791 2705 943 2790 Consilio,
962 2703 1048 2790 qnod
1064 2705 1194 2774 volebat
1209 2705 1297 2791 qnod
1333 2699 1356 2724 ⁶

172 2813 327 2882 Nieoleno
343 2815 433 2897 Tan,
448 2815 501 2881 eni
517 2822 686 2900 aeeeptum
701 2812 771 2891 fnit,
789 2819 824 2880 ut
839 2811 980 2898 dieebat,
997 2813 1083 2880 eirea
1099 2813 1199 2879 libras
1216 2813 1294 2881 000
1407 2849 1408 2852 ¹

170 2931 203 3004 et
234 2925 299 2992 XII
331 2941 405 2991 eone
436 2923 555 2990 debeat
579 2923 611 2989 in
629 2941 669 2989 ee
685 2921 898 3007 eondietione,
931 2940 997 3006 qua
1012 2929 1088 2988 enni
1103 2919 1296 3008 supradicti,

171 3034 226 3116 qni
251 3039 438 3115 queruntur.

172 3229 299 3296 (Lanien
318 3229 423 3294 Simon,
440 3229 627 3281 Monumenta
644 3229 803 3294 spectantia
830 3227 979 3279 historiam
999 3227 1147 3280 slavorum
1164 3227 1297 3280 Meridie-

449 3321 556 3372 nelium
575 3321 598 3370 1.
618 3319 677 3370 ket.
697 3318 808 3385 zdgrdb
830 3321 905 3370 1868.
927 3321 969 3370 el.
989 3314 1021 3386 l.)
