3206 5184
916 970 991 1039 399.

389 1166 517 1240 Rolond
538 1162 720 1238 rcbroonc‘nc‘
740 1165 873 1233 bremt
902 1163 1162 1252 Vinodotsotdtt
1176 1171 1336 1257 trirpyoao
1361 1170 1462 1237 itdlete
1486 1193 1507 1236 a

547 1276 700 1365 repostae·
722 1279 866 1362 apursop
889 1277 922 1342 dr
945 1296 966 1339 α
988 1275 1138 1343 blinaiok
1153 1279 1232 1344 toas
1252 1278 1350 1346 1266.

488 1473 656 1543 Roiendus
682 1472 792 1540 Banns
815 1474 919 1540 tocius
935 1469 1110 1540 Solanonie
1125 1472 1274 1541 omnibus
1290 1480 1359 1542 tam
1375 1493 1506 1562 preren·

294 1580 301 1594 '
379 1585 465 1654 tibus
481 1603 582 1669 quam
596 1581 725 1669 futuris,
740 1599 874 1668 presens
901 1579 1057 1665 seriptum
1080 1579 1288 1670 inspecturis,
1315 1582 1456 1651 salntem
1471 1583 1504 1650 in

379 1713 456 1760 nero
472 1689 616 1760 salutari.
645 1687 697 1756 Ad
714 1689 935 1758 universorum
954 1688 1110 1757 noticiam
1127 1689 1240 1756 harum
1256 1690 1341 1758 serie
1356 1691 1504 1760 volumus

379 1799 549 1886 pervenire
564 1821 573 1866 c
589 1796 675 1894 quod
685 1816 757 1865 cum
767 1797 850 1866 inter
866 1794 969 1886 Gnrk,
985 1795 1154 1886 Jacobum,
1168 1797 1311 1884 Mathay,
1328 1796 1503 1883 Georgium

378 1908 455 1994 Isip‚
485 1915 517 1976 et
532 1905 640 1993 Iwnk,
663 1925 703 1972 ac
718 1904 800 1975 alios
831 1905 999 1974 universos
1028 1903 1209 1992 Biynenses
1239 1908 1282 1974 ab
1297 1926 1368 1974 uns
1397 1915 1500 1996 purte,

378 2017 588 2084 Cellerarium
604 2013 830 2100 'Popiioensem
847 2020 879 2081 et
893 2013 980 2081 Hnet
996 2012 1154 2082 Comitem
1170 2013 1315 2081 eiusdem
1340 2015 1498 2102 Ecclesie,

378 2143 476 2209 snper
492 2122 577 2190 iacto
594 2127 679 2189 terre
695 2117 989 2188 Vinodoletrineis
1005 2118 1039 2184 in
1055 2119 1169 2187 endem
1184 2125 1271 2189 terra
1287 2119 1501 2192 existentibus

376 2231 514 2299 materia
547 2228 722 2315 questionis
748 2235 781 2296 et
805 2227 1000 2314 disceptacio
1026 2227 1152 2295 diucius
1176 2227 1317 2298 fuissent
1340 2229 1500 2297 ventitate

375 2358 484 2407 eornm
499 2337 605 2425 nobis,
620 2343 653 2404 et
666 2336 813 2424 parcium
829 2333 1032 2403 contentioni
1046 2336 1144 2404 finem
1161 2335 1302 2404 debitum
1319 2343 1353 2405 et
1367 2337 1500 2406 silenci-

373 2467 428 2514 nm
443 2445 610 2533 imponere
624 2447 839 2516 voluissemus
854 2449 1045 2531 perpetuum
1061 2442 1236 2514 indicando
1253 2450 1286 2514 et
1310 2443 1497 2514 discernen-

373 2555 414 2622 do
440 2554 586 2641 parcium
618 2552 786 2623 voluntate
810 2553 844 2619 in
860 2551 946 2619 hunc
970 2550 1099 2620 modum
1116 2576 1124 2616 ε
1142 2549 1272 2636 quodsi
1297 2551 1496 2623 Gellerarins

373 2671 406 2732 st
421 2663 536 2732 (tomes
552 2661 639 2731 Huet
654 2659 835 2748 prescripti,
853 2660 888 2726 in
904 2658 993 2728 Gora
1008 2679 1118 2729 eornm
1132 2660 1331 2748 Preceptore
1347 2657 1495 2730 eiusdem

239 2773 242 2778 '
372 2771 436 2841 loci
451 2775 634 2860 prestarent
649 2774 883 2838 sacramentum
901 2788 1061 2855 supereo,
1088 2768 1246 2854 quidquid
1271 2769 1460 2856 incipiendo
1475 2791 1498 2840 a

371 2879 637 2966 Damasingeren
651 2897 751 2962 nsque
781 2876 826 2945 ed
856 2877 1011 2946 terminos
1041 2876 1102 2944 filii
1133 2874 1310 2963 Stepkonis
1341 2883 1446 2948 metes
1461 2884 1495 2948 et

368 2985 522 3054 terminos
551 2985 655 3073 ipsius
686 2991 771 3054 terre
802 2984 951 3073 Vynodol
981 2985 1067 3053 iusto
1092 2983 1188 3052 modo
1204 2985 1496 3057 reambuiarsntet

367 3093 583 3182 ostenderent,
600 3113 660 3162 nec
674 3093 802 3178 aliquid
819 3098 913 3162 extra
928 3101 1035 3162 rectas
1052 3099 1158 3162 metas
1182 3095 1360 3179 procedere
1384 3115 1493 3182 presu-

365 3209 500 3288 merent,
524 3208 556 3270 et
571 3202 744 3271 seeundum
776 3200 863 3286 quod
893 3202 1030 3289 prestito
1061 3209 1266 3271 recremento
1281 3203 1492 3272 ostenderent

363 3329 422 3379 seu
437 3308 653 3395 assignarent,
678 3309 777 3376 iidem
800 3309 981 3396 Blynenses
996 3309 1151 3380 deberent
1170 3309 1321 3397 tolerare,
1340 3316 1374 3378 et
1391 3309 1490 3378 relin-

364 3425 499 3502 querent
512 3417 619 3504 ipsam
635 3422 753 3485 terrem
771 3415 917 3487 Ecclesie
947 3418 1102 3510 predicte,
1137 3420 1222 3489 sieut
1252 3416 1351 3485 iidem
1384 3415 1491 3486 Celle-

363 3523 467 3593 rarins
498 3533 530 3594 et
554 3525 639 3593 Huet
655 3523 771 3594 Comes
785 3524 920 3613 prestito
933 3533 1137 3597 sacramento
1153 3528 1363 3612 assignarent
1378 3547 1486 3596 eoram

362 3631 521 3719 pristaldo
537 3639 648 3701 nostro
668 3639 701 3700 et
724 3635 907 3704 testimonio
932 3635 1120 3706 eorundum.
1145 3636 1353 3706 Adveniente
1376 3637 1489 3722 itaque

360 3739 433 3827 ipso
456 3742 595 3808 termino
620 3739 716 3811 iidem
744 3741 943 3813 Cellerurius
970 3751 1003 3812 ct
1028 3744 1143 3813 Comes
1167 3744 1255 3814 Huet
1276 3746 1489 3832 prestiterunt

359 3853 601 3934 sacramentum
616 3853 653 3917 ut
667 3848 830 3918 debebant
845 3852 937 3919 iuxta
962 3851 1098 3920 sormam
1128 3861 1347 3940 prenotatam.
1379 3851 1489 3922 Iidem

356 3952 466 4040 itaque
496 3956 680 4042 Biynenses
707 3957 814 4045 ipsam
845 3966 963 4026 terrem
995 3960 1144 4047 Vynodol
1174 3962 1318 4050 predicte
1332 3961 1484 4030 Ecclesie

356 4061 556 4146 reliquerunt
570 4064 705 4149 pacifice
721 4071 753 4132 et
768 4064 1025 4137 irrevocabiliter
1039 4069 1110 4140 sine
1134 4068 1273 4139 alicuius
1299 4069 1488 4138 contradic·

355 4169 451 4235 cione
475 4177 632 4256 perpetuo
648 4171 890 4257 possidendam,
910 4175 1062 4264 Wikoay,
1079 4176 1221 4264 Stephco
1237 4187 1270 4246 et
1285 4178 1392 4265 iwan,
1407 4177 1487 4246 otiis

354 4272 432 4340 Wlk
447 4294 637 4344 consensum
653 4278 862 4365 prebentibus
883 4283 1061 4373 liberalem,
1088 4293 1182 4372 prout
1206 4287 1240 4355 in
1265 4285 1371 4355 literis
1397 4285 1486 4352 eius-
1585 4373 1586 4378 ἵ

353 4380 427 4448 dem
442 4382 722 4455 commendatoriis
737 4388 831 4459 nobis
846 4388 984 4460 innotuit
1000 4391 1175 4463 evidenter.
1195 4395 1351 4462 Similiter
1361 4395 1481 4464 vineas
1585 4445 1587 4480 ,

353 4505 452 4576 snper
467 4489 582 4558 eadem
597 4497 684 4562 terra
700 4495 889 4587 existentes,
905 4499 990 4568 sicut
1021 4501 1137 4572 Comes
1159 4501 1293 4573 Herenk
1324 4523 1423 4591 quem
1439 4507 1486 4575 ed
1585 4505 1587 4578 2

211 4681 213 4684 Ι
353 4593 415 4672 boc
424 4598 572 4690 parcium
602 4604 777 4675 voluntate
796 4606 1017 4682 direxeramus
1034 4611 1255 4701 deputandum
1272 4615 1436 4708 recitarit,
1451 4625 1487 4688 et
