3182 5200
579 236 742 336 *mn-

84 433 234 500 'Sa'wam
273 429 526 514 Principaliorcs
544 450 674 515 quoque
690 427 836 499 redditus
852 437 884 500 et
900 428 1051 512 sandeia,
1078 448 1140 512 qut
1166 449 1226 498 uos

1 628 2 632 Ἰ
83 548 239 623 tempore
256 537 405 604 Donatus
421 539 523 604 nostri
539 539 580 604 de
596 538 709 605 codem
727 540 888 610 Comitatu
904 549 1086 636 recepimus
1102 567 1225 615 annua-

1 637 2 700 ἶ
89 649 159 732 tim,
176 648 325 732 presenti
342 645 461 732 pagine
478 646 630 714 duximus
646 648 831 716 inscrenda.
857 650 921 720 Pro
937 658 1126 725 marturinis
1145 678 1220 724 uua-

1 807 2 811 ,
84 776 220 840 queque
236 753 367 821 mansio
383 753 500 839 viginti
517 762 656 838 quatuor
673 755 838 824 irisatiecs
857 761 983 831 solvere
1016 771 1142 834 tenetur
1172 786 1227 832 an·

4 901 10 928 ·.
91 865 230 928 unatim.
255 863 307 930 Ab
323 862 387 928 bac
401 869 509 929 autem
525 862 774 930 marturinarum
792 867 974 936 sollucioue
990 873 1102 941 nullus
1119 891 1224 940 exem·

90 981 170 1056 ptus
186 979 237 1036 est
252 975 363 1054 preter
380 971 530 1054 quinque,
564 989 699 1054 quorum
716 970 778 1037 hec
794 982 869 1040 suut
884 980 1017 1046 nomina
1034 1005 1041 1045 :
1058 980 1226 1048 Bremiuer

1 1091 2 1098 ’
88 1081 125 1146 in
142 1077 302 1160 Bouieha,
320 1077 475 1160 Wulkau,
494 1077 634 1161 Werlris,
662 1077 798 1162 Bogdan
825 1088 858 1148 et
884 1083 1045 1154 costowe.
1083 1088 1224 1155 Istorum

1 1186 2 1196 ’
88 1189 238 1270 quinque
252 1185 504 1269 iovbavgiouum
521 1185 660 1268 quilibet
676 1207 747 1252 cum
764 1187 919 1258 iratribus
936 1196 1005 1260 suis
1031 1197 1167 1263 uterinis
1194 1201 1226 1260 et

1 1295 2 1301 ’
90 1295 269 1379 nepotibus
286 1293 385 1360 debet
401 1291 551 1361 Ecclesia
568 1296 609 1359 dc
626 1295 766 1380 'l'oplica
783 1302 847 1364 tres
866 1318 984 1382 pensas
1001 1303 1172 1370 aunuatim
1193 1307 1227 1368 et

1 1395 2 1398 ’
91 1404 288 1468 descensum
304 1409 426 1468 tenere.
450 1402 571 1468 Porcos
588 1420 665 1468 vero
681 1405 789 1486 regios
807 1404 904 1473 debet
920 1409 1071 1476 Ecclesia
1087 1408 1129 1476 de
1156 1417 1225 1478 tota

1 1523 2 1582 3
89 1518 180 1576 terra
195 1527 257 1574 sua
274 1509 442 1594 colligere,
458 1508 507 1573 ita
523 1508 610 1592 quod
627 1511 736 1576 nullus
762 1512 806 1577 ab
832 1532 941 1580 eorum
973 1517 1153 1584 sellucicue
1183 1519 1226 1586 sit

1 1610 2 1654 ἶ
90 1621 279 1702 exemptus.
312 1615 465 1682 Homines
482 1615 524 1681 de
541 1615 610 1680 foro
627 1616 771 1703 Toplice,
788 1627 898 1703 preter
929 1623 1134 1707 marturinae,
1155 1624 1225 1691 red·

87 1729 171 1793 dere
189 1723 310 1791 debent
326 1722 481 1790 tenellam
500 1722 577 1808 viui,
596 1725 712 1791 bovem
730 1746 841 1810 unum,
860 1734 892 1794 et
909 1726 949 1796 dc
964 1730 1105 1813 siugulis
1121 1730 1223 1799 domi·

1 1839 2 1903 l
85 1839 150 1902 bus
161 1851 285 1918 panem
296 1851 407 1915 uuum,
425 1837 457 1898 et
470 1831 531 1899 hoc
542 1837 592 1897 ter
608 1832 642 1898 in
658 1851 753 1920 anno,
771 1835 896 1902 scilicet
912 1861 920 1903 ε
939 1837 973 1904 in
989 1838 1101 1904 Natali
1116 1839 1225 1906 Domi·

1 1951 2 1983 l
87 1945 134 2028 ni,
149 1943 186 2007 in
196 1942 314 2026 Pasce,
331 1939 366 2005 iu
381 1941 618 2026 Assumpoioue
635 1942 736 2008 Beate
752 1942 911 2027 Virginis.
923 1944 1137 2013 Centuriones
1150 1967 1221 2014 oum

84 2053 157 2119 suis
174 2047 335 2116 subiectis
352 2048 525 2118 servicium
543 2068 636 2115 suum
665 2049 802 2116 fideliter
829 2051 1043 2137 adimpleant,
1070 2055 1226 2123 videlicet

1 2231 3 2250 ‚
86 2160 120 2225 in
139 2155 302 2239 metendo,
319 2155 554 2240 congregando
570 2165 603 2223 et
618 2156 789 2222 inserendo
806 2178 917 2225 omues
929 2165 1059 2244 segetes
1070 2160 1224 2230 Ecclesia.

1 2265 2 2318 l
88 2266 138 2333 De
157 2263 348 2332 casualibus
364 2265 574 2351 proventibus
590 2263 624 2330 iu
641 2265 831 2351 reparandis
865 2267 1022 2352 domibus,
1056 2271 1225 2354 quociens·

1 2386 2 2413 ¹
83 2395 218 2458 cunque
233 2392 367 2440 necesse
383 2373 490 2457 fuerit,
508 2381 540 2438 et
556 2374 591 2439 in
608 2371 682 2440 aliis
700 2372 821 2441 debitis
838 2374 996 2456 serviciis,
1029 2378 1064 2443 iu
1080 2376 1223 2444 secando

1 2513 2 2558 ᾗ
88 2485 202 2549 fenum
219 2489 253 2547 ct
269 2478 497 2566 congregando
517 2481 646 2564 proprio
662 2480 751 2546 victu
768 2487 800 2546 et
819 2481 976 2548 vehiculis
990 2505 997 2566 ;
1014 2485 1224 2551 stannuatim

1 2610 3 2653 t
91 2591 283 2676 persolvant
298 2589 447 2655 Ecclesia
461 2588 547 2673 quod
566 2588 641 2654 olim
658 2587 745 2655 Duci
761 2589 812 2654 vel
839 2590 957 2657 Comiti
984 2593 1225 2677 persolvebant,

1 2713 2 2746 ἐ
84 2701 219 2766 scilicet
236 2723 245 2764 :
263 2700 401 2782 quatuor
418 2695 517 2761 boves
535 2701 567 2761 et
583 2697 718 2779 triginta
734 2696 888 2781 gallinas,
916 2705 1056 2780 quatuor
1081 2717 1223 2784 anseres,

1 2803 2 2826 ¹
91 2815 255 2874 trecentos
272 2823 382 2891 panes,
399 2804 534 2887 triginta
550 2803 662 2890 ydrias
679 2802 720 2868 de
739 2805 822 2888 vino,
840 2805 1062 2888 quadraginta
1089 2808 1224 2874 cubulos

91 2937 206 2984 avene.
246 2915 287 2981 Et
304 2912 345 2980 de
361 2913 498 2979 servicio
516 2911 650 2978 Comitis
668 2912 809 2978 Ourialis
837 2913 988 2978 cuubulum
1016 2913 1222 2997 similaginis,

89 3025 247 3090 eubulum
264 3020 370 3104 millii,
388 3019 542 3086 eubulum
560 3019 677 3100 mellis,
695 3021 808 3086 bovem
825 3038 934 3102 unum,
953 3018 1138 3102 quindecim
1153 3022 1225 3105 gal·

1 3184 2 3236 l
91 3133 188 3216 linas,
206 3151 300 3197 ovem
319 3148 427 3211 unam,
456 3127 643 3209 quindecim
660 3127 773 3210 ydrias
808 3127 887 3211 vini,
920 3127 1056 3209 triginta
1086 3126 1220 3194 cubulos

1 3256 2 3323 i
92 3262 199 3307 avene
215 3247 248 3304 et
266 3256 415 3304 anserem
433 3255 541 3300 uuum.
566 3235 602 3299 ln
621 3235 750 3300 Baobus
767 3243 843 3300 suut
861 3232 1016 3320 homines,
1032 3233 1088 3317 qui
1104 3233 1224 3300 debent

1 3344 2 3400 ἶ
91 3347 215 3416 ibidem
232 3363 388 3430 reparare
405 3344 517 3410 domos
534 3349 565 3408 et
581 3341 680 3420 dolia,
699 3341 921 3408 molendinum
939 3350 972 3406 et
1006 3340 1136 3406 furnum
1167 3362 1224 3426 pro

90 3453 346 3525 necessitatibus
362 3451 497 3517 fratrum
514 3455 635 3534 tenere,
653 3457 684 3514 et
701 3468 904 3533 quocumque
937 3449 1052 3516 Comes
1084 3447 1225 3516 (luticiis

1 3575 2 3642 ζ
93 3563 276 3651 preceperit
292 3578 351 3644 pro
369 3557 622 3624 necessitatibus
640 3556 788 3624 Ecclesie
803 3557 859 3624 ire.
893 3558 929 3622 ln
946 3557 1084 3624 Abbatis
1099 3563 1166 3624 tum
1193 3564 1226 3624 et

92 3675 229 3742 fratrum
248 3667 385 3735 arbitrio
402 3664 616 3749 relinquatur,
641 3671 736 3748 prout
751 3663 885 3731 utilitati
903 3665 1049 3732 Ecclesia
1065 3683 1123 3733 sue
1140 3664 1225 3732 vide·
1294 3671 1302 3678 '

92 3781 134 3846 rit
148 3775 317 3862 expedire,
333 3773 518 3840 reddituum
535 3771 587 3838 vel
604 3768 810 3837 serviciorum
827 3770 889 3837 sibi
900 3771 1080 3838 debitorum
1091 3793 1224 3840 cousue-

1 3854 2 3933 Ῐ
90 3877 223 3954 tudines
242 3888 441 3950 commutare
457 3899 515 3947 seu
532 3878 782 3946 convenieucius
799 3879 971 3962 ordinare;
998 3879 1173 3949 dummodo
1190 3880 1224 3946 id

1 4068 2 4084 ,
92 3995 270 4077 diligenter
287 3989 472 4074 attendant,
491 3984 576 4070 quod
593 3986 800 4069 antiquorum
826 3987 1011 4053 reddituum
1044 3986 1096 4053 vel
1128 3988 1226 4054 servi·

1 4088 2 4141 1
93 4107 215 4170 ciorum
232 4096 474 4182 equipolleucia
491 4095 525 4161 iu
541 4094 646 4180 ipsius
663 4093 931 4162 commutacionis
959 4113 1016 4160 seu
1042 4093 1222 4162 ordinacio-

92 4213 145 4278 nis
161 4219 275 4276 teuore
291 4205 421 4286 integra
445 4209 660 4271 conservetur.
697 4203 931 4270 constituimus
963 4201 1105 4286 insuper,
1140 4203 1225 4287 quod

1 4293 2 4308 ἶ
92 4319 228 4385 cuilibet
255 4314 360 4380 libero
392 4311 516 4379 homini
548 4309 681 4377 aliunde
711 4310 854 4379 venienti
888 4319 1009 4378 terram
1041 4297 1225 4396 supradicte

89 4423 240 4493 Ecclesia
257 4401 359 4487 liceat
374 4419 535 4505 habitare,
550 4426 582 4484 et
598 4417 704 4486 eidem
723 4416 920 4486 monasterio
954 4439 1002 4503 ea,
1032 4435 1098 4503 qua
1127 4419 1225 4488 ceteri

96 4535 242 4620 hospites
259 4533 406 4597 serviunt
420 4527 503 4614 lege,
537 4527 659 4596 serviat
675 4535 706 4594 et
735 4527 842 4596 nullus
875 4546 947 4592 eum
982 4527 1140 4613 impedire
1172 4534 1229 4595 aut
