3206 5184
789 329 949 434 jes-

306 523 443 598 eonsilio
459 527 621 600 Barouum
638 535 830 618 nostrorum,
845 527 1052 619 supradictas
1065 528 1160 599 villas
1176 549 1250 598 eum
1265 531 1432 620 pertinen·

307 633 366 702 ciis
382 633 450 703 suis
481 635 743 706 adiudicavimus
773 637 925 724 Capitulo
955 645 1143 725 memorato,
1174 639 1263 726 parti
1294 639 1437 710 adverse

305 751 496 831 perpetuum
527 745 698 814 silencium
730 745 935 834 imponendo.
968 747 1010 814 lit
1026 747 1055 814 si
1084 767 1238 833 umquam
1256 745 1377 833 aliquis
1392 768 1436 816 ex

304 852 385 937 ipsis
417 853 469 921 vel
500 852 672 922 heredibus
702 852 849 942 ipsorum
879 854 1083 940 questionem
1123 856 1270 939 aliquam
1302 874 1436 923 movere

306 961 548 1047 acceptaverint
588 982 686 1050 super
724 963 986 1050 possessionibus
1027 961 1232 1051 supradictis,
1263 969 1436 1051 nmquam

306 1068 582 1158 calumpniatores
622 1072 693 1139 sine
733 1069 846 1156 aliqua
886 1072 1100 1141 excusacione
1140 1071 1243 1140 modis
1278 1071 1434 1140 omnibus

306 1177 491 1264 puniantur.
523 1181 573 1248 Ne
589 1179 689 1265 igitur
720 1179 813 1248 huius
831 1178 878 1248 rei
910 1181 1010 1250 series
1026 1200 1177 1265 processu
1195 1178 1355 1264 temporis
1372 1200 1434 1264 per

306 1285 475 1372 quospiam
492 1288 602 1356 valeat
617 1288 652 1356 in
667 1287 801 1356 dubium
816 1289 972 1375 revocari,
988 1287 1023 1354 in
1055 1295 1247 1375 perpetuam
1277 1285 1355 1354 huis
1380 1286 1432 1354 rei

305 1395 492 1461 memoriam
522 1402 692 1482 presentes
722 1396 850 1465 litteras
882 1396 1071 1482 supradicto
1102 1395 1254 1482 Capitulo
1270 1393 1435 1463 concessi-

304 1521 376 1568 mus
391 1501 490 1585 sigilli
506 1502 609 1570 nostri
624 1502 802 1574 munimine
819 1503 996 1576 roboratas.
1013 1505 1135 1572 Datum
1154 1501 1319 1589 Zagrabie
1345 1523 1436 1570 anuo

307 1608 440 1678 Domini
455 1610 613 1681 Mccux.
629 1631 727 1680 nono.

377 1809 539 1876 (Tisaleeiee,
558 1811 682 1864 Menum.
700 1811 765 1864 trist.
785 1811 876 1880 Epioe.
895 1811 1091 1884 Zagrabiensis
1112 1811 1134 1862 Ι.
1154 1811 1214 1864 not.
1236 1815 1296 1864 147.
1316 1812 1347 1878 l.)

833 2749 911 2820 430.

307 2950 391 3016 Belo
407 2951 583 3018 seicoonice'
598 2955 785 3039 imezopoek
800 2955 884 3040 crepy
898 2954 1053 3042 helpscpet
1068 2956 1225 3044 tdquaao
1241 2954 1343 3020 iteicte
1359 2954 1437 3023 Pri·

373 3059 474 3126 ciselo
491 3084 589 3128 comeo
605 3071 737 3148 izcepye
754 3065 784 3128 es
800 3087 820 3128 a
837 3062 977 3149 reprobi
992 3063 1153 3150 kdptalaa
1169 3065 1249 3129 loa.
1266 3065 1366 3132 1269.

413 3257 497 3326 Bela
526 3255 589 3328 Dei
619 3259 732 3343 gracia
763 3260 839 3326 Dux
869 3259 972 3329 tocius
1003 3259 1186 3345 Sclauouie,
1212 3259 1385 3328 Dalmacic
1401 3266 1437 3328 et

306 3361 439 3432 Croucie
454 3364 606 3433 omnibus
622 3386 756 3455 presens
771 3371 906 3454 sriptum
924 3367 1118 3455 inspecturis
1139 3368 1277 3435 salutem
1295 3369 1330 3435 in
1354 3387 1435 3434 vero

303 3473 447 3540 salutari.
486 3473 539 3541 Au
571 3473 793 3543 uniuersorum
835 3475 991 3544 noticiam
1021 3477 1138 3543 harum
1169 3475 1252 3545 serie
1282 3476 1434 3545 uolumus

303 3581 474 3666 peruenire
489 3607 499 3647 ε
515 3581 685 3668 quodcum
700 3583 815 3652 relicta
829 3583 985 3652 Pribialai
1001 3583 1147 3670 Comitis,
1163 3583 1295 3652 nornine
1310 3583 1433 3652 Litium

305 3688 531 3759 assistentibus
556 3691 619 3758 sibi
647 3691 776 3777 generis
802 3691 879 3774 suis,
896 3693 1012 3778 Egidio
1028 3692 1182 3761 videlicet
1196 3692 1262 3760 filio
1280 3693 1435 3780 Berialai,

306 3797 495 3866 Alexandro
512 3799 577 3868 lilio
594 3801 710 3869 (lozme
724 3797 766 3868 de
781 3820 899 3884 genere
924 3801 1073 3887 Tyholdi,
1090 3808 1123 3869 ct
1137 3804 1221 3870 Iran
1244 3801 1312 3870 filio
1339 3801 1435 3870 Sala·

308 3904 421 3991 monis,
446 3907 598 3974 traxisset
625 3927 734 3976 coram
750 3907 843 3976 nobis
868 3907 980 3976 fideles
998 3917 1126 3979 nostros
1143 3908 1330 3995 Capitulum
1344 3909 1436 3976 vids·

308 4013 383 4082 lieet
409 4014 638 4098 Zagrabiensis
662 4015 808 4084 Ecclesia
832 4016 866 4084 in
901 4036 1045 4105 causam,
1078 4017 1266 4104 impetendo
1302 4017 1438 4086 cosdem

308 4143 406 4210 super
432 4131 569 4209 quatuor
593 4123 679 4191 villis
693 4153 703 4192 ,ε
720 4126 829 4194 Gasna
845 4126 1021 4214 Superiori,
1036 4127 1191 4216 Blagusc,
1208 4127 1302 4196 Novo
1318 4125 1436 4194 Predio

307 4231 435 4300 vocatis
450 4237 483 4300 et
499 4231 610 4300 Insula
626 4251 700 4298 eum
716 4241 811 4318 portu
826 4235 859 4302 in
875 4235 974 4320 Zaua,
992 4255 1074 4319 quus
1093 4235 1216 4302 dictum
1236 4233 1437 4322 Capitulum,

309 4340 392 4410 sieut
417 4337 516 4407 iidem
541 4338 762 4428 affirmabant,
788 4342 904 4413 habuit
918 4365 940 4411 a
956 4343 1193 4432 quinquaginta
1208 4343 1316 4431 annis,
1330 4341 1436 4412 tenuit

308 4448 442 4535 pacifice
457 4455 490 4515 et
514 4447 665 4538 possedit.
681 4451 827 4517 Tandem
843 4451 931 4519 dicta
946 4451 1062 4520 relicta
1085 4451 1240 4522 Pribinlai
1264 4457 1298 4520 et
1321 4451 1435 4536 generi

307 4557 368 4640 sui,
385 4557 439 4640 qui
466 4559 597 4624 racione
613 4563 735 4642 quarte,
752 4578 848 4642 quam
865 4558 1007 4628 debitam
1023 4561 1092 4629 suis
1116 4561 1273 4630 uxoribus
1288 4560 1321 4626 in
1338 4559 1434 4626 diet-is

308 4663 395 4730 villis
411 4684 516 4732 coram
534 4665 626 4734 nobis
646 4666 875 4756 vendicabant,
900 4675 1033 4754 propter
1059 4671 1176 4740 bouum
1202 4669 1296 4758 pacis
1321 4670 1432 4740 hune·
