3160 5208
546 361 706 458 Q

85 557 241 624 Coooeineo
267 558 347 642 (qni)
373 555 462 622 eadit
485 556 518 622 in
544 556 644 642 iilum,
660 555 735 623 inde
761 556 962 640 protenditur
988 575 1113 624 rursum
1131 575 1189 642 per

84 664 204 732 eundern
236 664 372 732 rivulum
406 684 506 748 neque
537 664 580 730 od
612 670 712 750 eaput
741 663 885 732 eiusdem
903 672 936 730 et
968 665 1013 731 ibi
1030 671 1080 732 eet
1102 671 1190 731 metu

86 790 186 840 orueea
216 773 247 838 in
279 773 366 856 iugo,
399 771 516 838 dividit
546 778 665 838 terram
698 771 872 840 Crieieneie
899 771 1015 856 Caetri,
1048 779 1080 836 et
1111 771 1189 837 inde

14 947 16 956 ,
86 881 217 966 dirigitur
232 878 275 947 ed
289 879 377 946 letne
394 880 511 946 montio
527 879 630 948 Lubet
641 899 745 963 usque
755 879 915 964 semitam,
931 899 994 962 qne
1010 878 1187 965 pastoralis

14 1043 16 1060 i
84 985 192 1068 dieitur,
207 993 239 1053 et
251 1007 309 1074 per
325 987 461 1053 eandem
481 985 629 1053 semitoni
642 986 744 1053 tendit
762 1006 818 1071 per
828 987 1024 1056 mentientes
1040 994 1072 1056 et
1089 987 1190 1054 valles

14 1139 16 1166 5
83 1115 180 1162 remus
193 1096 359 1161 meridiem
375 1093 418 1160 ad
433 1093 595 1184 gertenfu,
612 1096 668 1162 nbi
686 1101 736 1162 eet
753 1101 840 1161 meto
855 1101 970 1178 terreo,
987 1102 1020 1161 et
1035 1100 1109 1182 poet
1124 1093 1185 1162 hoo

14 1181 16 1256 ἶ
80 1201 128 1268 iliu
151 1203 263 1272 remita
280 1203 473 1288 relinquitur
503 1201 545 1268 ad
576 1200 755 1287 dexterum,
788 1202 865 1270 inde
895 1201 1008 1269 rem‘ue
1033 1202 1191 1268 orientem

14 1303 15 1316 ’
79 1309 116 1375 ad
131 1308 208 1376 riam
241 1330 397 1396 magnam
430 1309 630 1396 Ooziherbet‚
646 1331 708 1396 que
725 1309 767 1377 de
784 1306 855 1376 Orio
871 1309 961 1376 dnoit
977 1310 1011 1377 in
1038 1309 1189 1395 Woroed‚

79 1415 146 1482 inde
156 1437 208 1502 per
219 1418 356 1484 eundern
367 1417 537 1485 deseendit
552 1417 585 1484 in
602 1417 722 1484 vellem
751 1416 796 1483 ibi
813 1423 889 1484 eunt
904 1418 1036 1484 arbores
1051 1417 1192 1504 signate,

79 1531 107 1589 et
120 1523 191 1590 inde
221 1525 370 1593 aseendit
386 1527 419 1591 in
436 1524 588 1610 Student,
603 1525 658 1592 ubi
675 1532 724 1592 eet
755 1525 850 1610 segue
881 1525 1024 1611 signate,
1051 1532 1084 1592 et
1114 1526 1191 1594 inde

77 1651 94 1696 e
121 1634 171 1700 riu
194 1653 314 1718 rnugnu
339 1633 469 1701 divertit
501 1633 543 1700 ed
575 1634 743 1702 sinistrum
760 1638 794 1702 et
810 1633 899 1700 rudit
931 1633 987 1700 ubi
1003 1632 1191 1702 Gemioniuo

78 1747 104 1804 et
132 1739 295 1808 YeIoerreo
325 1742 485 1826 oriuntur,
502 1742 556 1807 ubi
574 1747 625 1807 eet
642 1740 738 1825 segue
770 1739 912 1828 signeto,
937 1746 969 1806 et
984 1739 1191 1826 ooniungitur

78 1854 151 1913 terre
174 1847 335 1935 Petronis,
364 1855 398 1916 et
413 1869 471 1934 per
497 1854 640 1916 montem
656 1847 806 1932 dirigitur
829 1866 933 1933 neque
948 1848 992 1915 ud
1008 1847 1109 1914 ulium
1133 1851 1190 1932 qui

78 1953 186 2050 dieitur
217 1953 345 2023 corono
376 1955 486 2041 herde,
511 1955 544 2023 in
561 1957 650 2024 cuiue
682 1955 848 2023 cacumine
880 1959 931 2022 eet
961 1975 1100 2040 querens
1116 1975 1189 2022 oum

78 2069 163 2146 metm
178 2070 211 2129 et
226 2063 272 2131 ibi
290 2062 414 2132 reoedit
431 2083 450 2129 a
467 2071 554 2132 terra
569 2061 762 2152 P(eteonie,)
780 2071 812 2131 et
828 2063 999 2132 deseendit
1013 2065 1056 2130 ed
1073 2070 1192 2132 metam

79 2171 134 2258 Ori,
164 2178 195 2238 et
226 2170 307 2240 inde
337 2193 395 2258 per
424 2175 510 2241 letne
543 2176 641 2241 unino
673 2174 791 2242 montie
822 2171 865 2239 ud
893 2172 993 2240 ulium
1025 2191 1126 2257 neque
1149 2171 1193 2238 ud

78 2298 208 2345 oerueunr
226 2289 260 2348 et
276 2301 339 2367 per
353 2280 490 2349 eundem
502 2281 703 2369 protenditur
719 2281 763 2348 ud
778 2280 912 2363 ulmum,
929 2281 990 2348 rub
1007 2280 1190 2364 quaeritur

78 2383 212 2471 Slutynio
228 2389 366 2474 rivnlnu,
383 2409 544 2475 perquem
555 2392 731 2457 revertitur
757 2391 790 2455 in
807 2388 922 2457 Bedne
948 2389 997 2456 Ex
1013 2389 1079 2454 eliu
1094 2393 1189 2472 perte

78 2501 171 2560 rutero
187 2495 312 2582 Bedne,
330 2514 370 2562 ex
387 2503 478 2583 purte
495 2496 645 2583 worded,
672 2495 837 2580 qnondam
854 2502 979 2582 partem
996 2502 1081 2562 terre
1099 2493 1189 2564 dieto

78 2601 194 2671 domine
210 2625 272 2672 oue
302 2604 474 2692 poeteeteti
489 2605 681 2674 reservarit
714 2603 901 2672 Pristeidue
919 2623 996 2671 vero
1011 2622 1108 2689 super
1124 2603 1187 2672 hiis

78 2709 160 2778 Peteo
176 2710 296 2782 Comes
321 2711 503 2782 Grieieneie.
531 2713 650 2798 Datum
677 2732 734 2798 per
749 2731 867 2778 monne
882 2709 1004 2778 Mothei
1019 2711 1190 2801 Propoeiti,

78 2820 140 2886 mle
169 2829 283 2890 nostre
314 2821 520 2889 canceltarii.
554 2820 647 2889 Bene
663 2818 824 2905 Aluduro,
839 2817 930 2887 (thee
961 2817 1193 2905 Bndrugienei,

79 2927 233 3000 'l'teodoro
248 2928 463 3017 Muennienei,
480 2927 559 2995 Jnlo
575 2929 686 2996 Ferrei
705 2927 812 2996 Ouotri
828 2923 1009 2996 Comitibnr
1026 2927 1191 2994 existenti·

80 3038 135 3108 bne.
148 3040 243 3106 Auno
260 3037 392 3106 Domini
408 3035 599 3105 dccxxv.

182 3235 691 3302 (tummim‚10num.tirt.mpire
711 3235 826 3302 Zegreb.
848 3237 870 3290 1.
891 3235 950 3288 ket
971 3238 1013 3286 te.
1034 3235 1065 3298 t)
