3160 5208
449 447 451 454 =
559 415 720 517 ..m-

79 617 143 686 aini
156 615 215 684 Th.
231 613 388 684 Comitem
405 635 465 702 pro
479 611 628 698 prediata
636 621 725 680 terra
735 611 1009 680 anteDionisium
1018 611 1205 681 Palatinum

78 727 263 794 eitanerunt.
305 721 410 800 Quum
425 729 535 787 autem
550 719 613 787 Tb.
630 719 749 788 Comes
765 738 866 805 snper
881 717 1001 788 iaotnm
1029 721 1204 812 terminum

81 832 240 898 multoeies
255 828 459 911 aeeessisset
476 824 656 896 udworniei
672 825 719 895 illi
736 825 770 892 in
790 825 976 912 semetipsis
1002 845 1037 894 se
1061 827 1202 896 iniustos

82 940 293 1026 approbantes
307 953 512 1020 neququam
530 937 791 1020 comparuerunt
809 933 849 998 D.
863 951 943 1001 uero
959 931 1131 1004 Palatinas
1141 933 1201 1001 Tb.

82 1046 186 1113 comiti
202 1043 333 1112 iustieie
349 1043 476 1110 litteras
491 1040 729 1109 aeeomodauit.
769 1041 889 1109 Postea
904 1059 983 1110 aero
999 1039 1060 1109 Tb
1086 1041 1200 1110 Comes

81 1151 274 1220 rdwornieos
291 1152 369 1219 iilos
385 1148 429 1218 ad
444 1156 590 1217 nostram
607 1149 720 1215 eitauit
736 1150 947 1236 preseneiam,
967 1157 1000 1215 et
1017 1170 1089 1217 aum
1114 1150 1198 1218 litte·

79 1259 119 1325 ris
133 1259 290 1327 dictorum
307 1257 545 1344 Palatinarum,
563 1257 685 1324 seilicet
711 1258 751 1324 N.
778 1267 811 1324 et
841 1255 882 1323 D.
913 1277 948 1323 se
980 1257 1097 1324 iustum
1129 1277 1200 1326 esse

80 1367 276 1451 approbabit.
302 1365 393 1434 idem
409 1365 514 1432 eeiam
530 1363 707 1432 udworuiei
724 1383 832 1430 eoram
847 1365 940 1430 nobis
956 1369 1101 1432 astantes
1123 1385 1201 1452 sepe

18 1505 20 1512 v
78 1472 190 1540 dietum
205 1473 265 1540 Tb.
286 1473 445 1542 Comitem
460 1471 579 1540 iustum
606 1491 676 1540 esse
708 1469 849 1540 confessi
881 1479 963 1538 snut.
1003 1473 1072 1540 Nos
1102 1473 1202 1558 igitur

18 1573 21 1586 '
81 1600 147 1647 eum
164 1587 211 1648 tot
226 1590 261 1647 et
275 1586 446 1648 tantorum
460 1580 656 1665 testimonijs
672 1591 783 1646 ueram
801 1598 874 1648 esse
898 1582 1200 1666 comprobassemns

78 1686 203 1756 fecimus
218 1687 387 1756 annotari.
413 1689 450 1753 In
465 1686 580 1754 eadem
596 1686 685 1752 dieta
700 1694 789 1755 terra
805 1687 1023 1754 hebetiorum
1039 1707 1080 1754 ex
1096 1689 1202 1774 Regia

18 1847 20 1888 3
79 1795 247 1862 donacione
264 1813 469 1882 conoessum,
487 1797 582 1862 salua
597 1795 759 1862 libertate.

176 1906 257 1971 Item
276 1902 425 1988 predium
443 1903 633 1989 Rengeysar
648 1905 832 1989 pertinebat
847 1902 908 1969 Th.
926 1904 1042 1970 comiti
1074 1914 1106 1971 et
1136 1906 1200 1973 Au-

79 2009 147 2076 dree
163 2011 228 2077 filio
244 2009 361 2077 fratris
378 2009 440 2077 ani.
463 2007 595 2076 Partem
621 2029 700 2076 uero
726 2009 858 2076 Andree
885 2012 963 2077 emit
993 2011 1053 2079 Tb.
1085 2012 1199 2083 Comes

81 2136 131 2198 pro
144 2118 258 2202 uiginti
275 2125 351 2184 oeto
368 2117 489 2183 mareis
505 2137 578 2183 oum
595 2117 698 2184 tribus
715 2117 939 2184 mansionibus
966 2117 1198 2206 libertinorum,

18 2291 20 2304 ι
80 2241 201 2306 quorum
216 2224 353 2292 uomina
368 2231 443 2290 aunt
458 2223 519 2292 hee
536 2248 544 2289 ι
561 2225 726 2310 Atbertus,
744 2225 878 2292 Alexius
894 2233 926 2292 et
942 2226 1088 2294 Seeutns.
1114 2233 1199 2297 Meta

83 2349 147 2397 uero
162 2331 256 2400 boios
273 2341 361 2400 terre
376 2333 492 2418 ineipit
508 2353 606 2418 super
622 2333 755 2400 fluuium
773 2335 974 2419 Rengeysur,
992 2343 1025 2403 et
1041 2336 1132 2404 uadit
1147 2359 1199 2406 su·

83 2439 177 2521 petius
193 2439 237 2505 ad
254 2439 520 2524 septemtrionem
538 2459 643 2523 nsque
670 2442 714 2506 ad
742 2443 901 2525 piscinam
933 2443 1083 2529 Halaph;
1108 2445 1199 2516 iuxta

82 2547 203 2614 modom
219 2547 382 2633 pisoiuam
399 2545 491 2613 uadit
507 2548 659 2633 saperius
675 2567 777 2630 usque
802 2548 846 2614 ud
873 2569 969 2615 unam
1006 2557 1135 2640 metum,
1170 2565 1200 2624 et

39 2639 42 2646 ⁴
83 2650 203 2722 fleetitur
219 2655 438 2723 adorientem
455 2673 528 2720 enm
546 2655 681 2722 eleuatis
693 2657 786 2721 metis
803 2653 873 2742 (ad)
886 2655 987 2742 Luta;
1012 2660 1197 2730 indefleeti-

83 2763 125 2824 tur
136 2763 176 2827 ad
193 2761 364 2829 meridiem
380 2781 452 2828 eum
469 2762 610 2828 eleuatis
626 2763 720 2828 metis
736 2781 839 2847 nsque
855 2763 899 2828 ad
915 2769 1034 2832 terrum
1053 2773 1197 2851 germani

83 2865 123 2934 sui
142 2867 314 2956 Stephani,
338 2877 372 2936 et
387 2890 459 2936 eum
476 2875 563 2936 terra
578 2868 688 2935 fratris
704 2872 754 2935 sui
770 2871 906 2938 eleuatis
924 2873 1017 2940 metis
1034 2881 1194 2956 usquead

85 2981 185 3043 metam
201 2978 357 3064 priorem.
1212 2967 1215 2972 ⁵

175 3087 255 3152 Item
277 3086 309 3150 in
327 3081 411 3149 uilla
427 3084 558 3150 Poueha
574 3084 673 3150 habet
689 3092 814 3169 partem
831 3093 917 3152 terre
942 3088 986 3152 ad
1011 3091 1197 3170 quindeoim

85 3197 178 3256 aratra
192 3215 266 3261 eum
286 3191 389 3275 siluis,
406 3193 511 3276 pratis
527 3198 560 3257 et
576 3191 706 3278 tenetis,
724 3213 795 3258 eum
812 3193 917 3262 vineis
933 3203 1046 3262 etcum
1059 3205 1197 3270 mansio·

83 3293 164 3364 uibus
179 3299 360 3366 domorum.

176 3407 213 3472 ln
227 3406 366 3494 Hereky
382 3407 481 3474 habet
496 3409 705 3492 septuaginta
722 3410 846 3496 iugera,
865 3415 897 3475 et
913 3411 998 3494 quod
1024 3415 1123 3498 uulgo
1149 3417 1197 3484 di·

26 3523 28 3544 ³
86 3510 156 3576 citur
169 3513 260 3581 fener
277 3513 321 3580 ad
338 3533 399 3580 sex
415 3514 600 3581 mansiones
617 3513 796 3582 domorum.

176 3618 372 3688 Dimidietas
388 3641 466 3687 uero
482 3628 566 3688 terre
582 3619 698 3706 Bogud
715 3630 765 3688 est
780 3623 932 3710 Niebolaj
948 3627 1059 3698 fratris
1074 3633 1136 3713 sui,
1167 3642 1200 3701 et

28 3751 31 3825 ξ
84 3721 256 3796 dimidietas
272 3729 333 3796 Tb.
352 3728 496 3795 Comitis.

29 3841 31 3868 ²
177 3835 281 3901 ‘l'erra
295 3855 373 3903 nero
388 3836 492 3920 Byrsa
507 3837 690 3920 pertinebat
716 3837 878 3906 Nieholao
904 3847 936 3907 et
966 3843 1026 3910 Th.
1059 3844 1197 3934 (iomiti;

30 3953 32 3980 ³
87 3945 194 4018 putem
210 3963 289 4009 uero
304 3942 457 4010 Niehoiai
475 3944 554 4010 emit
570 3945 612 4010 ab
627 3945 761 4012 Andrea
790 3943 857 4012 filio
889 3947 1002 4018 fratria
1031 3953 1081 4018 sui
1112 3954 1197 4022 idem

30 4047 32 4132 ζ
88 4041 137 4108 ih.
153 4046 273 4118 Comes.

179 4157 281 4224 'Perna
298 4177 374 4226 uero
390 4158 469 4247 Zoyi
487 4159 644 4228 diuiditur
658 4161 702 4226 ad
727 4169 793 4230 tres
824 4171 951 4250 partes;
978 4165 1101 4234 seitieet
1133 4191 1197 4236 nna

32 4257 33 4272 ²
89 4275 152 4338 pars
165 4263 360 4334 Mouasterio
378 4266 493 4334 Sancti
509 4267 673 4353 Spiritus;
698 4269 801 4336 altera
815 4291 891 4356 pars
907 4273 1103 4342 Monasterio
1119 4275 1199 4344 San·

90 4369 130 4430 ote
143 4367 269 4456 Orneia3
293 4373 397 4440 tereia
413 4393 491 4459 pars
506 4374 567 4440 uh.
585 4375 717 4444 Comiti..

181 4477 271 4548 Vltra
286 4498 365 4547 uero
382 4480 536 4549 Duum
552 4481 585 4548 in
611 4483 681 4550 loeo
708 4484 763 4570 qui
795 4486 914 4554 dieitur
944 4489 1104 4558 Monislou
1136 4492 1221 4560 'Pha

91 4572 187 4649 Coma
201 4583 298 4654 babet
313 4593 463 4673 quartam
480 4595 617 4677 partem,
634 4597 668 4656 et
683 4595 786 4679 partis
802 4595 873 4663 eins
888 4603 973 4665 mete
988 4598 1035 4666 sie
1045 4597 1196 4669 ordinan-

90 4684 267 4760 turzPrima
282 4702 369 4762 meta
385 4717 405 4764 a
422 4698 562 4766 eoninio
579 4700 699 4767 montis
726 4700 850 4792 Garyg,
882 4711 937 4788 qui
969 4713 1103 4776 aoeatur
1133 4711 1198 4776 Ru·

1030 4816 1091 4885 15·
