3116 5186
308 527 315 536 -
344 497 480 572 eumque
497 477 540 553 ad
555 483 645 571 ipsos
661 481 827 571 aooedent,
843 483 984 572 benigue
1000 480 1175 572 excipient,
1201 486 1234 551 et
1248 500 1303 553 eos
1336 477 1458 552 honeste
1497 477 1503 486 '

100 657 115 664 ·1
201 589 217 598 ’Ὺ
347 595 578 678 proourebunt
618 591 652 660 Si
667 614 744 664 vero
760 595 878 664 siluam
897 595 1131 682 extirpaueriut
1147 599 1179 661 et
1194 590 1329 662 leoerint
1351 597 1457 660 terram

15 695 81 793 45·
162 781 164 784 ,
207 707 208 710 ’
344 700 516 787 arabilem,
531 701 681 770 similiter
696 703 781 771 siout
795 703 837 771 de
854 701 979 787 reliqua
994 707 1082 771 terra
1097 723 1157 790 pro
1182 700 1328 786 quolibet
1359 706 1457 768 aratro

31 837 116 914 ᾗ
186 871 192 880 ,
252 817 256 822 “
344 808 471 876 soluent
487 808 643 878 iratribus
659 807 830 880 dimidiam
847 831 1000 892 maroam,
1017 809 1101 878 siout
1131 810 1222 896 prius
1256 815 1305 878 est
1339 827 1456 894 expres·

344 939 425 987 sum.
450 917 484 985 Si
500 919 571 1003 quis
588 917 749 1007 bospitum
766 917 897 1020 domum
912 917 1073 1003 babuerit,
1088 923 1207 984 terram
1225 924 1333 986 autem
1362 916 1456 984 arabi·

345 1027 410 1093 lom
424 1047 488 1096 uon
502 1026 632 1114 babeat,
647 1030 756 1096 soluat
772 1026 788 1094 l
791 1027 930 1094 ratribus
957 1014 1020 1093 tria'
1051 1024 1197 1112 pondera
1227 1024 1411 1110 annuatim
1431 1031 1459 1092 et

105 1145 108 1154 '
166 1103 204 1118 ’κ
250 1137 252 1142 ’
344 1134 534 1204 omuea'iste
550 1134 723 1220 pensiones
740 1136 771 1202 in
791 1136 874 1202 lento
904 1135 1019 1221 Saueti
1052 1134 1184 1220 Martini
1217 1131 1335 1221 debent
1366 1132 1452 1226 solui.

229 1255 230 1258 ’
340 1243 501 1317 Ptelstea
516 1241 594 1330 diop'
611 1243 733 1333 populi,
753 1244 781 1310 si
797 1243 844 1310 eis
861 1243 1030 1330 placuerit,
1063 1241 1295 1310 Teotbouioum
1325 1241 1459 1312 habeant
1537 1316 1541 1327 1

273 1411 277 1428 ,
339 1349 559 1438 ,sacerdotem
575 1352 629 1438 qui
645 1372 667 1422 a
682 1349 891 1421 'l'eotboniois
906 1349 1105 1422 morantibus
1134 1351 1218 1418 ultra
1241 1350 1363 1418 fontem
1392 1347 1460 1417 reoi-

13 1431 53 1570 ii
74 1437 119 1490 ’Ψ
210 1497 211 1500 ¹
346 1457 415 1543 piet
431 1458 575 1530 decimas
589 1467 622 1528 et
637 1460 845 1546 oblationes3
869 1461 911 1537 ab
937 1459 1012 1527 aliis
1042 1479 1130 1547 vero,
1162 1459 1190 1527 ei
1222 1460 1278 1544 qui
1309 1463 1385 1527 sant
1413 1457 1458 1525 uel

347 1575 441 1636 erunt
456 1568 538 1638 eitra
553 1569 682 1655 iontem,
700 1571 771 1638 siue
787 1569 853 1638 sint
867 1569 1025 1657 Hungari,
1057 1569 1127 1638 siue
1158 1567 1268 1654 Solatp'
1301 1587 1359 1636 seu
1387 1568 1458 1636 rleo

340 1673 481 1764 thouioj,
506 1676 669 1764 pereipiat
685 1684 836 1763 quarum
852 1685 968 1765 quarte
998 1677 1215 1761 deeimarum;
1238 1681 1271 1744 et
1302 1675 1460 1744 annuatim

258 1813 259 1816 ¹
345 1784 379 1852 in
410 1785 495 1865 festo
525 1785 636 1873 Sanetj
668 1785 797 1874 llnrtinj
831 1784 981 1872 (lapitalo
1013 1787 1228 1876 strigoniensi
1259 1807 1360 1857 unam
1388 1803 1460 1877 mar·

348 1915 418 1960 earn
450 1901 483 1964 et
514 1894 682 1964 dimidiam
713 1896 854 1984 argenti,
897 1904 928 1964 et
959 1895 1092 1964 Oentori
1123 1895 1341 1982 strigoniensi
1372 1911 1459 1962 suam
1523 1907 1530 1922 ·

345 2021 489 2072 maroam
505 2006 633 2091 argentj
650 2005 777 2074 soluere
791 2008 951 2074 teneatur.
985 2005 1139 2071 Preterea
1169 2002 1293 2090 prefati
1326 2001 1460 2090 hospites

13 2105 45 2162 θ’
198 2095 205 2100 ’
321 2105 409 2180 sibi
425 2109 549 2196 eligant
565 2111 719 2198 uillioum,
737 2113 793 2198 qni
810 2131 928 2180 causas
945 2112 1088 2198 ipsorum
1106 2110 1266 2180 disoneiat
1282 2119 1315 2180 et
1344 2109 1459 2180 indioet

340 2218 431 2287 litei
446 2239 512 2306 qua
528 2236 629 2287 eausa
645 2221 779 2306 grauior
796 2219 973 2309 emerserit,
990 2237 1053 2304 que
1068 2218 1224 2286 maiorem
1235 2214 1460 2304 requiratjudi·
1507 2253 1509 2256 -

249 2423 251 2430 Ι
339 2346 437 2413 ·oem;
461 2325 618 2394 disoueiat
634 2345 707 2395 eem
724 2348 788 2396 vua
805 2348 877 2396 oum
894 2329 1003 2412 aliquo
1019 2325 1061 2393 de
1077 2324 1261 2414 (lenoniois,
1295 2345 1389 2412 quem
1403 2323 1458 2392 lra-

347 2443 417 2502 tres
432 2433 580 2502 miserint
596 2433 638 2502 ad
654 2436 715 2503 hoe
732 2433 934 2522 leniendam
960 2442 992 2503 et
1017 2434 1059 2502 de
1083 2433 1204 2502 iudioio
1235 2434 1334 2503 buius
1364 2451 1460 2520 muse,

117 2571 119 2578 ’
231 2615 232 2618 ,
344 2566 442 2630 quam
459 2545 531 2613 sine
546 2553 755 2632 proeuratore
772 2547 914 2633 Capituli
940 2568 1005 2615 non
1037 2546 1180 2634 poterint
1211 2545 1371 2635 iudieare,
1399 2543 1461 2635 ipse

81 2671 82 2678 ’
215 2701 217 2708 x
338 2653 653 2723 danmoniorum
670 2661 804 2742 partem,
843 2661 875 2722 et
906 2653 1091 2742 Capitulum
1124 2654 1261 2722 alteram
1293 2653 1460 2722 dimidiam.

259 2831 260 2838 χ
337 2761 411 2832 ·Sed
428 2763 462 2832 in
479 2764 596 2832 oeterls
613 2764 720 2832 oensis
736 2763 911 2832 minoribus
926 2768 1029 2831 totum
1046 2761 1200 2830 iudioium
1212 2763 1376 2850 pereipiat
1385 2761 1460 2828 ide

339 2869 463 2942 dudem
486 2872 677 2941 Naturalem
704 2891 831 2940 cursum
862 2870 960 2957 riuulj
990 2869 1102 2938 nullus
1133 2871 1239 2956 possit
1269 2872 1324 2939 uel
1356 2869 1462 2938 debeat

338 2981 521 3048 immutare.
558 2979 626 3048 Nos
641 2980 741 3067 igitur
757 2980 876 3049 dietam
894 2979 1164 3066 eomposioiouem
1181 2980 1413 3068 approbantes,
1425 2975 1462 3046 all

343 3089 538 3174 petitionem
554 3089 723 3173 utriusque
740 3089 855 3175 partis,
872 3107 935 3172 que
951 3093 1085 3174 propter
1101 3088 1162 3155 boo
1177 3087 1220 3155 ad
1236 3107 1298 3157 nos
1323 3087 1460 3172 sesessit,

339 3197 504 3268 etomuia
518 3195 679 3284 premissa
695 3217 802 3266 eoram
819 3196 912 3264 uobis
928 3202 1109 3284 protestata
1126 3203 1176 3264 est
1189 3203 1223 3264 et
1247 3195 1409 3281 ooniessa,
1431 3193 1462 3260 in

339 3299 564 3373 vtestimonium
581 3304 677 3373 huius
693 3305 740 3372 roi
755 3311 924 3392 presentes
939 3303 1160 3384 conoessimus
1175 3305 1303 3372 litteren
1332 3299 1462 3389 duplieis

341 3411 447 3498 sigilli
478 3413 582 3481 nostri
607 3410 783 3480 munimine
812 3415 1004 3498 roboratas3
1031 3411 1160 3481 deeisss
1191 3431 1250 3498 per
1280 3409 1461 3493 allabetum,

80 3499 103 3620 ’ν
210 3506 212 3512 ’
340 3536 481 3606 querum
501 3537 598 3587 uuum
615 3521 809 3606 perlustres
826 3519 968 3588 habeant
984 3521 1233 3605 Strigonienses,
1268 3518 1363 3589 aliud
1391 3535 1461 3586 sero

344 3647 406 3712 par
442 3627 632 3696 Tenthouioi
671 3628 749 3698 uille
786 3635 967 3716 pretaxate.
1028 3631 1123 3696 Anno
1163 3628 1263 3698 Verbi
1302 3624 1463 3698 lneernetl

345 3732 643 3824 urcmxxxtnr,
659 3735 763 3823 Regni
779 3745 887 3806 autem
904 3739 1008 3806 nostri
1025 3736 1197 3806 tricesimo.
1478 3745 1482 3754 '

406 3937 459 3998 (Aa
478 3937 586 3992 eredeti
603 3936 673 3990 uben
691 3937 791 3990 Knsua
810 3935 926 3990 Niudor
944 3937 1062 4004 Megyer
1082 3935 1151 3990 bion
1167 3938 1206 3991 IL
1225 3937 1284 3990 lri'rt.
1304 3940 1367 3988 373.
1385 3935 1415 4000 1.)
1542 3947 1544 3980 ι
