3228 5198
568 271 733 428 Α,

6 555 7 572 2
81 522 214 590 nacicni
231 527 264 588 et
278 521 514 588 continuationi
530 538 602 596 mec
618 521 803 588 contraries
829 519 984 605 extiterit,
1015 522 1215 591 contrarium

6 641 8 650 “
78 628 204 698 habeat
218 629 354 696 'irinum
370 633 403 696 et
418 627 523 696 Vnum
539 627 658 714 Deum,
675 635 709 694 et
725 627 991 718 maledictionem
1000 635 1215 696 trecentorum
1312 691 1313 699 ,
1398 663 1403 676 ·

85 734 427 820 octodecim‘Pamum,
443 741 477 800 et
501 734 639 802 aliorum
665 733 857 802 Sanctorum
889 737 1054 826 incurrat;
1080 741 1113 802 et
1142 755 1214 802 cum

82 843 172 912 Jnda
186 843 353 930 proditore
369 843 565 932 dampnetur
589 851 700 910 eterno
725 843 884 929 suplicio;
910 852 1009 928 atque
1040 844 1216 926 sexaginta

6 1001 8 1008 .
81 951 186 1022 lultrss
200 954 272 1018 anri
289 951 457 1037 persoluat
473 958 506 1021 et
530 956 713 1038 componat,
738 972 874 1035 quarum
907 953 1070 1021 medietas
1100 952 1214 1037 Regali
1292 1021 1296 1029 ,
1391 929 1394 938 ’

82 1059 244 1125 inseratur
258 1058 365 1148 Fiseo,
381 1060 486 1127 altera
500 1067 608 1126 autem
636 1079 696 1145 pro
728 1058 880 1127 thesauro
912 1061 1040 1146 prefate
1070 1059 1215 1128 Ecclesia

6 1245 7 1248 Ἴ
84 1164 305 1251 spalatensis.
330 1167 413 1233 Acta
429 1171 507 1234 sunt
521 1166 582 1232 hec
597 1173 674 1233 ante
690 1167 846 1234 noticiam
864 1168 978 1233 horum
995 1166 1146 1250 testium,
1169 1167 1215 1234 ri-

6 1273 9 1292 '
84 1270 205 1342 delicet
219 1274 370 1360 Gregorij
387 1275 585 1342 venerabilis
612 1274 768 1361 Episcopi
802 1274 1026 1356 chroatorum,
1056 1274 1217 1342 Johanuis

6 1397 8 1472 j
84 1378 226 1447 Abbatis
242 1377 375 1467 Genobij
392 1381 506 1448 Sancti
522 1381 753 1466 Bartholomei,
771 1380 909 1448 Addunt
935 1383 1094 1469 anpani,
1126 1384 1214 1450 Stre·
1243 1404 1245 1407 ·

6 1479 8 1482 ’
84 1505 187 1569 segne
201 1486 392 1572 Brebestiei,
408 1487 563 1554 Desimiri
580 1485 790 1572 Gorbaustici,
825 1488 988 1556 Dominioi
1022 1487 1216 1556 Jandrensis

86 1592 287 1679 Sacerdotis,
304 1602 337 1662 et
352 1594 509 1681 Stephani
527 1633 571 1644 -
585 1633 622 1643 -
637 1633 679 1645 -
690 1632 734 1642 -
750 1595 861 1662 Sancti
878 1595 1014 1677 Nicolai,
1033 1605 1065 1662 et
1081 1594 1215 1662 aliorum

6 1689 10 1742 ἶ
87 1701 282 1787 multorum
299 1703 483 1788 inquorum
500 1703 640 1770 omnium
657 1702 878 1772 testimonium
896 1711 927 1770 et
944 1701 1128 1770 memoriam
1145 1723 1215 1787 per·

6 1799 11 1852 t
85 1813 220 1892 petuam
246 1813 406 1894 presentis
421 1809 584 1894 priuilegij
603 1811 757 1895 paginam
774 1811 837 1876 mei
852 1809 1144 1893 sigillicaracteris
1160 1827 1219 1892 ap·

6 1919 8 1950 ⁵
85 1917 248 2000 pensione
261 1917 325 1983 ieci
341 1917 469 1984 muniri.

195 2024 362 2092 Gerardm
378 2024 534 2092 Notarius
551 2023 849 2112 Archiepiscopalis
864 2025 1053 2111 subscripsi.

194 2131 348 2200 Lucanus
363 2132 572 2200 Primioerins
587 2131 792 2218 spalatensis
812 2133 1001 2222 subscripsi.

194 2237 366 2306 lohannes
381 2239 422 2307 de
437 2241 573 2307 Ancona
588 2239 747 2309 Notarius
763 2239 948 2308 Communis
980 2239 1108 2326 Spalati
1140 2239 1216 2308 sub·

6 2381 7 2390 ,
85 2364 213 2431 scripsi.

6 2597 9 2610 .
86 2560 221 2624 mauu,
241 2562 393 2626 nuyrtoum
412 2561 528 2616 storum
547 2564 599 2615 111.
622 2567 680 2614 uua.
700 2565 718 2614 1.
756 2564 868 2626 nucius,
887 2563 1023 2614 memorie
1042 2524 1170 2614 sarlone
1189 2562 1219 2612 ur

7 2661 8 2664 ’
84 2649 172 2712 unu,
192 2651 333 2702 Velencne
348 2655 425 2701 leus.
447 2655 506 2702 217.
526 2654 544 2702 1.
582 2655 659 2704 Enen
677 2653 859 2717 ckmdnynalu
886 2651 1057 2718 hitalesrtge
1086 2652 1219 2704 sokaktdl

6 2769 8 2808 1
86 2739 227 2808 ketsdgbe
245 2741 382 2804 vouatik3
402 2757 419 2792 a
432 2743 602 2807 mannyiben
614 2743 800 2794 mindaadltal
813 2758 830 2794 a
843 2743 972 2807 Spalatoi
984 2741 1120 2806 kdptslan
1133 2743 1218 2793 lavel·

6 2845 8 2882 1
87 2830 213 2882 urebant
233 2833 328 2882 onott
345 2831 458 2882 kenirat
478 2848 495 2884 a
512 2833 587 2884 xlv.
606 2831 707 2883 szdaad
735 2834 791 2884 elati
819 2831 924 2884 toltbcl
952 2829 1025 2895 volt,
1047 2831 1217 2897 ieltetleniil,

123 2917 212 2984 idkep
232 2921 418 2987 geographiai
437 2923 623 2985 tekintetben,
642 2923 724 2988 teljes
743 2923 967 2974 meltatasunlrst
978 2922 1182 2989 megerdemli.)

630 3771 682 3840 ll).

147 3971 299 4039 chrica
315 3969 461 4060 apdtaok
477 3970 691 4055 reprendatur
708 3969 919 4056 Spatnrobao.
939 3974 957 4035 1
961 3975 1003 4037 07
1005 3977 1036 4040 8.
1054 3973 1159 4074 kdrttl.

198 4166 238 4232 In
254 4167 385 4231 nomine
401 4143 513 4231 Etemi
528 4164 591 4231 Dei
608 4171 640 4230 et
655 4165 838 4233 Salvatoris
854 4167 958 4235 nostri
982 4165 1063 4233 Jesu
1089 4161 1221 4231 Christi.

86 4275 161 4361 ligo
173 4270 606 4356 DebrionindignusAbbas
621 4289 699 4356 egro
716 4290 860 4360 corpore,
878 4269 1225 4340 mentetamenadhue
1252 4254 1257 4264 ¹

86 4401 174 4450 sana
189 4385 384 4466 vegetoque,
400 4387 473 4466 post
490 4378 592 4446 multa
608 4379 755 4464 pericula
771 4385 803 4446 et
818 4381 1032 4466 calamitates,
1048 4399 1130 4465 quas
1140 4380 1223 4447 meis
1258 4457 1261 4462 ¹

89 4487 224 4558 delictis
240 4492 395 4574 acceptas
410 4486 491 4573 fero,
508 4505 580 4554 oum
595 4485 676 4552 mihi
692 4486 824 4555 tandem
855 4486 977 4554 Divina
1001 4484 1226 4555 misericordia

92 4593 125 4661 id
141 4595 360 4684 concaserit,
376 4593 463 4680 qnod
478 4613 683 4682 summopere
697 4603 848 4681 precatus
863 4613 944 4679 sum,
958 4601 991 4662 et
1019 4592 1061 4660 de
1087 4593 1224 4662 consilio
