3116 5178
897 313 963 374 354

354 505 464 573 eidem
481 505 610 573 domino
644 505 726 570 Duei
743 510 776 571 et
790 524 849 572 suo
874 503 1017 572 Consilio
1036 505 1206 591 placuerit,
1224 505 1271 570 ita
1287 503 1372 588 quod
1388 503 1474 570 lactis

357 623 390 681 et
406 612 553 684 deductis
569 615 723 702 expensis
738 635 797 700 pro
813 613 884 698 ipso
900 613 1030 699 negotio
1042 614 1122 682 salis
1133 613 1341 681 medietatem
1353 634 1475 699 prouen-

358 731 421 807 tus,
438 721 587 790 introitus
605 728 636 791 et
651 722 729 788 lueri
743 721 845 808 ipsius
855 720 933 789 salis
946 721 1068 789 habeat
1083 722 1260 788 Commune
1275 719 1473 789 Venetiarum

360 839 393 894 et
410 829 509 897 aliam
526 831 735 897 medietatem
753 831 930 898 Commune
946 829 1056 896 Jadre.
1087 829 1263 896 Habebunt
1278 847 1418 912 namque
1432 829 1479 896 Ja-

358 935 479 1003 dretini
497 937 562 1006 iam
578 936 666 1025 dieti,
682 939 737 1023 qui
754 939 902 1005 exierunt
919 937 1092 1004 Civitatem
1121 936 1222 1003 Jadre
1254 935 1375 1020 ubique
1405 956 1479 1004 con·

361 1054 534 1135 morantes,
559 1054 592 1115 et
622 1049 675 1132 qui
693 1053 920 1114 remanserunt
950 1046 984 1112 in
1015 1045 1164 1127 Ciuitate,
1192 1046 1299 1130 ipsam
1317 1043 1478 1112 Civitatem

364 1153 462 1220 Jarlre
503 1175 575 1222 curn
619 1155 826 1240 pertinentiis
857 1156 937 1238 suis,
971 1159 1004 1219 et
1034 1153 1185 1220 libertate
1216 1154 1363 1237 pristina,
1394 1173 1480 1238 quan

363 1261 529 1330 habebant
545 1263 578 1328 in
595 1263 846 1330 mercationibus
863 1269 896 1328 et
913 1261 1014 1328 datiis
1046 1261 1160 1327 tamin
1177 1259 1326 1328 Venetiis
1346 1281 1437 1345 quam
1452 1261 1480 1326 iu

361 1369 510 1436 omuibus
541 1369 615 1438 aliis
644 1371 802 1456 partibus,
834 1369 926 1437 salvo
953 1365 1039 1453 quod
1055 1369 1200 1437 hominen
1225 1368 1436 1434 Venetiamm
1449 1375 1479 1432 et

361 1464 419 1542 alil
435 1495 512 1544 snas
529 1479 754 1562 possessiones
770 1477 892 1544 habero
904 1478 1028 1559 integre
1044 1475 1184 1544 debeant
1200 1477 1232 1542 in
1250 1477 1357 1544 Jadra
1375 1485 1405 1542 et
1419 1477 1478 1541 eius

367 1584 534 1672 Distrietn,
568 1593 600 1652 et
627 1605 739 1652 onlnes
770 1585 911 1652 rationes
928 1604 1004 1650 suas
1019 1585 1063 1651 ad
1078 1583 1148 1652 hec.
1165 1585 1218 1651 Ad
1234 1583 1480 1651 satisfactionem

365 1690 578 1778 dampnorum
610 1701 642 1761 et
673 1693 863 1760 iniuriarum
897 1693 1001 1778 primo
1032 1691 1126 1758 iuxta
1155 1691 1349 1760 electionem
1371 1691 1480 1758 domini

363 1797 465 1866 Ducis
480 1803 597 1885 suique
629 1801 767 1867 Consilii
799 1800 983 1885 qnindeeim
1013 1799 1173 1867 Jadretini
1201 1800 1242 1866 de
1257 1801 1338 1888 illis,
1356 1801 1410 1884 qni
1423 1798 1480 1865 fne-

364 1915 438 1973 runt
454 1908 565 1994 capita
581 1916 613 1977 et
629 1916 779 1977 auctores
804 1899 1029 1975 rebellationis
1043 1907 1190 1993 predicte
1209 1907 1362 1974 Civitatis
1380 1909 1479 1992 Jadre,

366 2035 446 2097 quies
477 2016 626 2083 dominun
657 2017 733 2083 Dux
764 2035 836 2082 eum
868 2036 927 2083 suo
944 2015 1088 2084 Consilio
1121 2015 1218 2098 elegit
1251 2017 1478 2098 etnominavit

362 2124 577 2206 personaliter
593 2123 747 2190 Venetiae
762 2131 921 2191 venerunt
938 2121 981 2188 ad
999 2121 1150 2188 standum
1170 2144 1272 2206 usque
1288 2123 1333 2190 ad
1350 2128 1479 2210 quinque

363 2249 468 2295 annos
484 2229 755 2317 Venetiis,ecouri
786 2237 896 2296 tamen
928 2229 962 2294 iu
979 2226 1137 2314 personis,
1154 2237 1187 2296 et
1201 2230 1364 2299 habentes
1381 2251 1480 2300 omnes

363 2334 585 2422 possessiones
616 2357 703 2426 suas,
727 2344 760 2405 et
776 2338 917 2423 ipsorum
942 2335 1066 2403 familie
1082 2340 1216 2403 stabunt
1232 2341 1264 2406 in
1279 2339 1394 2408 Jadra
1407 2345 1479 2430 Item

364 2464 422 2530 pro
453 2443 573 2510 honore
604 2444 726 2511 domini
757 2445 857 2511 Ducis
888 2450 922 2510 et
953 2443 1134 2511 reverentia
1165 2445 1353 2514 exbibenda
1384 2450 1477 2516 eidem

364 2549 525 2617 Jadretini
556 2570 628 2618 cum
659 2551 761 2620 tribus
792 2551 927 2636 sagiteis
959 2550 1048 2618 circa
1073 2549 1218 2619 ducentis
1236 2553 1421 2623 bominibus
1435 2577 1479 2622 sr-

365 2655 473 2742 matis,
490 2656 531 2723 <le
547 2658 665 2742 quibus
681 2666 809 2726 eentum
835 2659 962 2726 scierunt
982 2659 1077 2727 electi
1093 2657 1136 2726 ad
1151 2661 1354 2729 volumtatem
1369 2665 1479 2732 domini
1531 2680 1540 2691 ·

366 2763 465 2831 Ducis
482 2763 701 2854 Venetiarnm,
717 2765 877 2852 usquead
902 2765 1004 2852 pedes
1027 2768 1096 2834 eius
1111 2775 1278 2857 venerunt,
1296 2779 1329 2837 et
1346 2773 1483 2840 inclinati

365 2869 416 2934 bis
432 2890 533 2955 nsque
550 2873 593 2940 ad
608 2882 726 2941 terram
753 2882 830 2940 ante
859 2874 961 2958 pedes
993 2874 1063 2942 eius
1094 2875 1350 2946 misericordiam
1383 2882 1483 2967 implo-

365 2985 485 3043 rarunt.
503 2979 584 3046 Item
602 2980 733 3046 dormine
748 2980 889 3046 Jobanni
906 2979 1060 3048 Michaeli
1080 2979 1242 3065 qnondam
1259 2981 1382 3052 Cemtti
1395 2989 1483 3054 Jadro

365 3106 424 3170 pre
455 3086 680 3155 satisfactione
711 3089 831 3155 iniuria
863 3088 1000 3156 reddent
1032 3097 1064 3156 et
1080 3088 1481 3178 dabuntJadretiniouin-

365 3204 481 3282 gentas
512 3197 612 3264 libras
642 3196 852 3263 denariorum
882 3195 1089 3282 Venetorum,
1120 3203 1151 3263 et
1175 3218 1233 3282 pro
1252 3197 1407 3286 dampnis
1422 3203 1481 3269 suis

366 3307 408 3372 de
424 3307 514 3391 Pago
531 3304 744 3390 satisfacient,
763 3311 795 3372 et
811 3305 936 3373 dabunt
947 3302 1052 3371 eidem
1065 3304 1354 3374 domino-lobanni
1370 3309 1482 3378 illicita·

366 3413 408 3480 eli
439 3413 540 3482 libras
571 3413 795 3497 septingentas
828 3414 1020 3497 octuaginta
1051 3421 1084 3479 et
1114 3421 1255 3496 quatuor
1271 3413 1484 3484 denariorum.

365 3521 446 3588 Item
463 3521 549 3589 omni
566 3543 653 3588 auno
679 3521 804 3589 dabunt
823 3528 853 3588 et
868 3522 995 3588 solvent
1019 3519 1180 3587 Jadretini
1197 3521 1347 3608 predicto
1364 3523 1485 3591 domiuo
1545 3503 1548 3546 ⁴²

366 3627 508 3695 Jnhanni
523 3630 672 3697 Michaeli
689 3649 859 3715 quousque
876 3629 992 3696 vixerit
1001 3627 1102 3696 libras
1113 3630 1270 3697 ducentas
1286 3631 1485 3714 denariorum

366 3736 570 3805 Venetorum.
601 3738 681 3805 Item
716 3737 839 3804 lrabeat
867 3736 955 3803 idem
989 3736 1138 3804 dominus
1163 3736 1332 3805 Jobannes
1350 3737 1483 3805 Michael

366 3863 478 3912 omnes
495 3846 719 3931 possessiones
744 3865 820 3912 suas
837 3843 877 3910 de
894 3841 1009 3925 Jadra,
1024 3845 1107 3910 sieut
1128 3864 1315 3912 eoncessum
1332 3853 1367 3912 et
1383 3845 1487 3912 datum

366 4273 515 4342 Civitatis
547 4276 702 4362 predicte,
733 4273 901 4344 habebunt
932 4271 1090 4342 Jadretini
1118 4274 1283 4342 indtuoiam
1301 4271 1482 4340 uuiusanni
1547 4269 1548 4298 ³

1544 3823 1548 3900 l

366 3952 426 4019 fuit
443 3954 473 4019 ei
489 3971 546 4038 per
562 3950 725 4019 dominum
743 3953 869 4018 Ducem
885 3957 917 4017 ct
933 3949 1111 4018 Consilium
1137 3951 1358 4020 Venetiarum.
1375 3955 1486 4019 Decem
1543 3911 1548 3968 ἒ

366 4069 398 4128 et
429 4080 542 4126 novem
574 4062 714 4127 millibus
745 4060 837 4126 libris
868 4059 1036 4126 solvendis
1068 4057 1253 4125 bominibus
1280 4057 1486 4128 Venetiarnm
1546 4063 1548 4122 t

367 4189 425 4253 pro
445 4167 645 4236 restitutione
660 4170 826 4253 bonorum,
859 4169 1038 4234 ablatorum
1065 4165 1187 4232 eisdem
1219 4163 1251 4231 in
1277 4166 1487 4234 rebellatione
1546 4177 1548 4200 ¹

366 4383 461 4470 primi
479 4384 618 4472 venturi,
650 4395 682 4450 et
699 4383 819 4450 abinde
837 4383 924 4450 omni
951 4403 1035 4449 arrno
1054 4401 1154 4465 usque
1172 4383 1214 4448 ad
1231 4391 1370 4467 quatuor
1386 4397 1484 4446 annos
1546 4379 1548 4454 ἒ

368 4491 491 4558 dabunt
508 4498 540 4558 et
555 4492 683 4559 solvent
697 4493 746 4558 eis
762 4491 925 4559 Jadretini
947 4491 1050 4558 libras
1070 4491 1274 4558 denariorum
1295 4489 1484 4556 Venetorum
1546 4467 1548 4498 ⁹

369 4607 506 4682 quatuor
530 4599 636 4667 millia
663 4607 695 4666 et
720 4601 948 4686 septingentas
974 4599 1184 4666 denariorum
1201 4596 1406 4684 Venetorum,
1435 4593 1487 4660 sci-

1524 4863 1548 5136 l
