<?xml version="1.0" encoding="UTF-8"?>
<!DOCTYPE html PUBLIC "-//W3C//DTD XHTML 1.0 Transitional//EN"
    "http://www.w3.org/TR/xhtml1/DTD/xhtml1-transitional.dtd">
<html xmlns="http://www.w3.org/1999/xhtml" xml:lang="en" lang="en">
 <head>
  <title>
</title>
<meta http-equiv="Content-Type" content="text/html;charset=utf-8" />
  <meta name='ocr-system' content='tesseract 3.04.00' />
  <meta name='ocr-capabilities' content='ocr_page ocr_carea ocr_par ocr_line ocrx_word'/>
</head>
<body>
  <div class='ocr_page' id='page_1' title='image "./codexdiplomatic01wenzgoog_0554.png"; bbox 0 0 3184 5186; ppageno 0'>
   <div class='ocr_carea' id='block_1_1' title="bbox 857 301 1016 402">
    <p class='ocr_par' dir='ltr' id='par_1_1' title="bbox 857 301 1016 402">
     <span class='ocr_line' id='line_1_1' title="bbox 857 301 1016 402; baseline 0.006 -35"><span class='ocrx_word' id='word_1_1' title='bbox 857 301 1016 402; x_wconf 50' lang='grc'><strong>-5-19-</strong></span> 
     </span>
    </p>
   </div>
   <div class='ocr_carea' id='block_1_2' title="bbox 368 484 1501 1117">
    <p class='ocr_par' dir='ltr' id='par_1_2' title="bbox 370 484 1501 791">
     <span class='ocr_line' id='line_1_2' title="bbox 375 484 1499 583; baseline 0.018 -31"><span class='ocrx_word' id='word_1_2' title='bbox 375 484 529 565; x_wconf 73' lang='lat' dir='ltr'><strong>Quirinus</strong></span> <span class='ocrx_word' id='word_1_3' title='bbox 560 487 772 560; x_wconf 83' lang='lat' dir='ltr'><strong>Oonsiliarius</strong></span> <span class='ocrx_word' id='word_1_4' title='bbox 804 514 845 564; x_wconf 91' lang='lat' dir='ltr'><strong>m.</strong></span> <span class='ocrx_word' id='word_1_5' title='bbox 863 515 905 562; x_wconf 92' lang='lat' dir='ltr'><strong>m.</strong></span> <span class='ocrx_word' id='word_1_6' title='bbox 921 517 949 564; x_wconf 93' lang='lat' dir='ltr'><strong>s.</strong></span> <span class='ocrx_word' id='word_1_7' title='bbox 967 497 1038 583; x_wconf 76' lang='lat' dir='ltr'><strong>bigo</strong></span> <span class='ocrx_word' id='word_1_8' title='bbox 1053 497 1179 565; x_wconf 83' lang='lat' dir='ltr'><strong>Thema</strong></span> <span class='ocrx_word' id='word_1_9' title='bbox 1193 499 1307 568; x_wconf 86' lang='lat' dir='ltr'><strong>Zanne</strong></span> <span class='ocrx_word' id='word_1_10' title='bbox 1321 502 1364 569; x_wconf 84' lang='lat' dir='ltr'><strong>do</strong></span> <span class='ocrx_word' id='word_1_11' title='bbox 1383 504 1499 573; x_wconf 83' lang='lat' dir='ltr'><strong>btaiori</strong></span> 
     </span>
     <span class='ocr_line' id='line_1_3' title="bbox 370 593 1501 690; baseline 0.017 -29"><span class='ocrx_word' id='word_1_12' title='bbox 370 593 512 663; x_wconf 78' lang='lat' dir='ltr'><strong>Consilio</strong></span> <span class='ocrx_word' id='word_1_13' title='bbox 545 599 650 666; x_wconf 86' lang='lat' dir='ltr'><strong>testis.</strong></span> <span class='ocrx_word' id='word_1_14' title='bbox 683 599 753 683; x_wconf 76' lang='lat' dir='ltr'><strong>Ego</strong></span> <span class='ocrx_word' id='word_1_15' title='bbox 783 601 952 672; x_wconf 85' lang='lat' dir='ltr'><strong>Johannes</strong></span> <span class='ocrx_word' id='word_1_16' title='bbox 983 605 1135 690; x_wconf 82' lang='lat' dir='ltr'><strong>Belligno</strong></span> <span class='ocrx_word' id='word_1_17' title='bbox 1161 607 1203 674; x_wconf 88' lang='lat' dir='ltr'><strong>dc</strong></span> <span class='ocrx_word' id='word_1_18' title='bbox 1218 609 1335 676; x_wconf 82' lang='lat' dir='ltr'><strong>Maiori</strong></span> <span class='ocrx_word' id='word_1_19' title='bbox 1351 611 1501 680; x_wconf 76' lang='lat' dir='ltr'><strong>Consilio</strong></span> 
     </span>
     <span class='ocr_line' id='line_1_4' title="bbox 371 703 1391 791; baseline 0.016 -21"><span class='ocrx_word' id='word_1_20' title='bbox 371 703 475 771; x_wconf 88' lang='lat' dir='ltr'><strong>testis.</strong></span> <span class='ocrx_word' id='word_1_21' title='bbox 492 704 562 791; x_wconf 75' lang='lat' dir='ltr'><strong>Ego</strong></span> <span class='ocrx_word' id='word_1_22' title='bbox 576 704 765 776; x_wconf 86' lang='lat' dir='ltr'><strong>Leonardus</strong></span> <span class='ocrx_word' id='word_1_23' title='bbox 780 709 921 779; x_wconf 88' lang='lat' dir='ltr'><strong>Venerio</strong></span> <span class='ocrx_word' id='word_1_24' title='bbox 936 711 977 780; x_wconf 86' lang='lat' dir='ltr'><strong>de</strong></span> <span class='ocrx_word' id='word_1_25' title='bbox 992 713 1108 783; x_wconf 84' lang='lat' dir='ltr'><strong>Maiori</strong></span> <span class='ocrx_word' id='word_1_26' title='bbox 1125 715 1270 784; x_wconf 80' lang='lat' dir='ltr'><strong>Consilio</strong></span> <span class='ocrx_word' id='word_1_27' title='bbox 1284 719 1391 786; x_wconf 80' lang='lat' dir='ltr'><strong>testis.</strong></span> 
     </span>
    </p>

    <p class='ocr_par' dir='ltr' id='par_1_3' title="bbox 368 811 1500 1117">
     <span class='ocr_line' id='line_1_5' title="bbox 476 811 1500 899; baseline 0.016 -20"><span class='ocrx_word' id='word_1_28' title='bbox 476 813 547 899; x_wconf 79' lang='lat' dir='ltr'><strong>Ego</strong></span> <span class='ocrx_word' id='word_1_29' title='bbox 579 811 749 884; x_wconf 59' lang='lat' dir='ltr'><strong>&amp;aradus</strong></span> <span class='ocrx_word' id='word_1_30' title='bbox 780 819 915 889; x_wconf 83' lang='lat' dir='ltr'><strong>Duoalis</strong></span> <span class='ocrx_word' id='word_1_31' title='bbox 943 821 1027 889; x_wconf 83' lang='lat' dir='ltr'><strong>Aule</strong></span> <span class='ocrx_word' id='word_1_32' title='bbox 1042 822 1257 892; x_wconf 81' lang='lat' dir='ltr'><strong>veneciarum</strong></span> <span class='ocrx_word' id='word_1_33' title='bbox 1273 824 1500 896; x_wconf 83' lang='lat' dir='ltr'><strong>Oanoessarius</strong></span> 
     </span>
     <span class='ocr_line' id='line_1_6' title="bbox 369 921 1500 1017; baseline 0.011 -27"><span class='ocrx_word' id='word_1_34' title='bbox 369 921 433 990; x_wconf 84' lang='lat' dir='ltr'><strong>biis</strong></span> <span class='ocrx_word' id='word_1_35' title='bbox 448 921 597 992; x_wconf 88' lang='lat' dir='ltr'><strong>omnibus</strong></span> <span class='ocrx_word' id='word_1_36' title='bbox 612 923 743 994; x_wconf 90' lang='lat' dir='ltr'><strong>interfui</strong></span> <span class='ocrx_word' id='word_1_37' title='bbox 759 933 792 995; x_wconf 91' lang='lat' dir='ltr'><strong>et</strong></span> <span class='ocrx_word' id='word_1_38' title='bbox 807 928 848 996; x_wconf 87' lang='lat' dir='ltr'><strong>de</strong></span> <span class='ocrx_word' id='word_1_39' title='bbox 864 929 1018 999; x_wconf 85' lang='lat' dir='ltr'><strong>mandato</strong></span> <span class='ocrx_word' id='word_1_40' title='bbox 1038 929 1141 1017; x_wconf 89' lang='lat' dir='ltr'><strong>ipsius</strong></span> <span class='ocrx_word' id='word_1_41' title='bbox 1158 931 1282 1000; x_wconf 87' lang='lat' dir='ltr'><strong>domini</strong></span> <span class='ocrx_word' id='word_1_42' title='bbox 1296 933 1399 1002; x_wconf 88' lang='lat' dir='ltr'><strong>Ducis</strong></span> <span class='ocrx_word' id='word_1_43' title='bbox 1414 956 1500 1002; x_wconf 89' lang='lat' dir='ltr'><strong>eom-</strong></span> 
     </span>
     <span class='ocr_line' id='line_1_7' title="bbox 368 1027 682 1117; baseline 0.016 -21"><span class='ocrx_word' id='word_1_44' title='bbox 368 1027 457 1117; x_wconf 84' lang='lat' dir='ltr'><strong>pleri</strong></span> <span class='ocrx_word' id='word_1_45' title='bbox 472 1035 506 1098; x_wconf 86' lang='lat' dir='ltr'><strong>et</strong></span> <span class='ocrx_word' id='word_1_46' title='bbox 521 1033 682 1102; x_wconf 76' lang='lat' dir='ltr'><strong>roboravi.</strong></span> 
     </span>
    </p>
   </div>
   <div class='ocr_carea' id='block_1_3' title="bbox 491 1230 1370 1304">
    <p class='ocr_par' dir='ltr' id='par_1_4' title="bbox 491 1230 1370 1304">
     <span class='ocr_line' id='line_1_8' title="bbox 491 1230 1370 1304; baseline 0.008 -22"><span class='ocrx_word' id='word_1_47' title='bbox 491 1230 625 1297; x_wconf 79' lang='lat' dir='ltr'><strong>(bjnbics,</strong></span> <span class='ocrx_word' id='word_1_48' title='bbox 644 1231 770 1286; x_wconf 76' lang='lat' dir='ltr'><strong>Menum.</strong></span> <span class='ocrx_word' id='word_1_49' title='bbox 790 1248 831 1297; x_wconf 89' lang='lat' dir='ltr'><strong>sp.</strong></span> <span class='ocrx_word' id='word_1_50' title='bbox 850 1233 916 1286; x_wconf 85' lang='lat' dir='ltr'><strong>hist.</strong></span> <span class='ocrx_word' id='word_1_51' title='bbox 937 1235 1012 1287; x_wconf 73' lang='lat' dir='ltr'><strong>slav.</strong></span> <span class='ocrx_word' id='word_1_52' title='bbox 1031 1236 1131 1288; x_wconf 76' lang='lat' dir='ltr'><strong>Metiri.</strong></span> <span class='ocrx_word' id='word_1_53' title='bbox 1151 1238 1172 1288; x_wconf 91' lang='lat'><strong>1.</strong></span> <span class='ocrx_word' id='word_1_54' title='bbox 1193 1238 1252 1289; x_wconf 79' lang='lat' dir='ltr'><strong>kbt.</strong></span> <span class='ocrx_word' id='word_1_55' title='bbox 1272 1244 1316 1290; x_wconf 77' lang='lat' dir='ltr'><strong>ec.</strong></span> <span class='ocrx_word' id='word_1_56' title='bbox 1338 1240 1370 1304; x_wconf 83' lang='lat' dir='ltr'><strong>l.)</strong></span> 
     </span>
    </p>
   </div>
   <div class='ocr_carea' id='block_1_4' title="bbox 891 2061 968 2131">
    <p class='ocr_par' dir='ltr' id='par_1_5' title="bbox 891 2061 968 2131">
     <span class='ocr_line' id='line_1_9' title="bbox 891 2061 968 2131; baseline 0 -2"><span class='ocrx_word' id='word_1_57' title='bbox 891 2061 968 2131; x_wconf 74' lang='grc'><strong>356.</strong></span> 
     </span>
    </p>
   </div>
   <div class='ocr_carea' id='block_1_5' title="bbox 363 2257 1493 2456">
    <p class='ocr_par' dir='ltr' id='par_1_6' title="bbox 363 2257 1493 2456">
     <span class='ocr_line' id='line_1_10' title="bbox 364 2257 1493 2353; baseline 0.005 -27"><span class='ocrx_word' id='word_1_58' title='bbox 364 2259 498 2326; x_wconf 68' lang='lat' dir='ltr'><strong>botone</strong></span> <span class='ocrx_word' id='word_1_59' title='bbox 513 2258 696 2326; x_wconf 78' lang='lat' dir='ltr'><strong>sclavonici</strong></span> <span class='ocrx_word' id='word_1_60' title='bbox 712 2257 842 2324; x_wconf 70' lang='lat' dir='ltr'><strong>Monac</strong></span> <span class='ocrx_word' id='word_1_61' title='bbox 857 2261 1044 2347; x_wconf 61' lang='lat' dir='ltr'><strong>statuturos,</strong></span> <span class='ocrx_word' id='word_1_62' title='bbox 1060 2263 1203 2349; x_wconf 78' lang='lat' dir='ltr'><strong>oselylpsl</strong></span> <span class='ocrx_word' id='word_1_63' title='bbox 1217 2262 1493 2353; x_wconf 74' lang='lat' dir='ltr'><strong>Biapaaafbidet</strong></span> 
     </span>
     <span class='ocr_line' id='line_1_11' title="bbox 363 2367 1491 2456; baseline 0.006 -24"><span class='ocrx_word' id='word_1_64' title='bbox 363 2367 493 2434; x_wconf 75' lang='lat' dir='ltr'><strong>Matrica</strong></span> <span class='ocrx_word' id='word_1_65' title='bbox 517 2368 765 2455; x_wconf 74' lang='lat' dir='ltr'><strong>zdprribmeppea&#39;</strong></span> <span class='ocrx_word' id='word_1_66' title='bbox 794 2368 1061 2456; x_wconf 65' lang='lat' dir='ltr'><strong>cdrjobbripyack</strong></span> <span class='ocrx_word' id='word_1_67' title='bbox 1091 2373 1154 2437; x_wconf 84' lang='lat' dir='ltr'><strong>oda</strong></span> <span class='ocrx_word' id='word_1_68' title='bbox 1183 2374 1364 2440; x_wconf 72' lang='lat' dir='ltr'><strong>corcram</strong></span> <span class='ocrx_word' id='word_1_69' title='bbox 1389 2373 1491 2441; x_wconf 73' lang='lat'><strong><em>1261,</em></strong></span> 
     </span>
    </p>
   </div>
   <div class='ocr_carea' id='block_1_6' title="bbox 347 2563 1488 4703">
    <p class='ocr_par' dir='ltr' id='par_1_7' title="bbox 347 2563 1488 4703">
     <span class='ocr_line' id='line_1_12' title="bbox 465 2563 1488 2654; baseline 0.006 -23"><span class='ocrx_word' id='word_1_70' title='bbox 465 2563 632 2634; x_wconf 76' lang='lat' dir='ltr'><strong>Rotundum</strong></span> <span class='ocrx_word' id='word_1_71' title='bbox 671 2563 781 2632; x_wconf 88' lang='lat' dir='ltr'><strong>Banus</strong></span> <span class='ocrx_word' id='word_1_72' title='bbox 821 2565 924 2633; x_wconf 88' lang='lat' dir='ltr'><strong>tocius</strong></span> <span class='ocrx_word' id='word_1_73' title='bbox 954 2565 1130 2635; x_wconf 86' lang='lat' dir='ltr'><strong>Soiauonie</strong></span> <span class='ocrx_word' id='word_1_74' title='bbox 1160 2567 1312 2635; x_wconf 91' lang='lat' dir='ltr'><strong>omnibns</strong></span> <span class='ocrx_word' id='word_1_75' title='bbox 1345 2588 1488 2654; x_wconf 77' lang='lat' dir='ltr'>presens</span> 
     </span>
     <span class='ocr_line' id='line_1_13' title="bbox 359 2672 1487 2757; baseline 0.003 -19"><span class='ocrx_word' id='word_1_76' title='bbox 359 2672 513 2756; x_wconf 88' lang='lat' dir='ltr'><strong>scriptum</strong></span> <span class='ocrx_word' id='word_1_77' title='bbox 524 2673 719 2757; x_wconf 87' lang='lat' dir='ltr'><strong>inspecturis</strong></span> <span class='ocrx_word' id='word_1_78' title='bbox 736 2672 875 2742; x_wconf 89' lang='lat' dir='ltr'><strong>salntem</strong></span> <span class='ocrx_word' id='word_1_79' title='bbox 891 2675 924 2740; x_wconf 91' lang='lat' dir='ltr'><strong>in</strong></span> <span class='ocrx_word' id='word_1_80' title='bbox 940 2674 1081 2742; x_wconf 91' lang='lat' dir='ltr'><strong>omnium</strong></span> <span class='ocrx_word' id='word_1_81' title='bbox 1098 2675 1271 2742; x_wconf 81' lang='lat' dir='ltr'><strong>salvatore</strong></span> <span class='ocrx_word' id='word_1_82' title='bbox 1288 2673 1341 2740; x_wconf 78' lang='lat' dir='ltr'><strong>Ab</strong></span> <span class='ocrx_word' id='word_1_83' title='bbox 1358 2678 1487 2745; x_wconf 83' lang='lat' dir='ltr'><strong>univer-</strong></span> 
     </span>
     <span class='ocr_line' id='line_1_14' title="bbox 359 2782 1486 2867; baseline 0.003 -20"><span class='ocrx_word' id='word_1_84' title='bbox 359 2800 467 2848; x_wconf 89' lang='lat' dir='ltr'><strong>sorum</strong></span> <span class='ocrx_word' id='word_1_85' title='bbox 498 2787 564 2848; x_wconf 84' lang='lat' dir='ltr'><strong>tam</strong></span> <span class='ocrx_word' id='word_1_86' title='bbox 596 2782 799 2867; x_wconf 85' lang='lat' dir='ltr'><strong>presencium</strong></span> <span class='ocrx_word' id='word_1_87' title='bbox 831 2801 927 2865; x_wconf 89' lang='lat' dir='ltr'><strong>quam</strong></span> <span class='ocrx_word' id='word_1_88' title='bbox 960 2787 1162 2867; x_wconf 80' lang='lat' dir='ltr'>posterorum</span> <span class='ocrx_word' id='word_1_89' title='bbox 1194 2782 1348 2851; x_wconf 74' lang='lat' dir='ltr'><strong>noticiam</strong></span> <span class='ocrx_word' id='word_1_90' title='bbox 1366 2783 1486 2850; x_wconf 88' lang='lat' dir='ltr'><strong>harum</strong></span> 
     </span>
     <span class='ocr_line' id='line_1_15' title="bbox 359 2889 1487 2976; baseline 0 -18"><span class='ocrx_word' id='word_1_91' title='bbox 359 2889 443 2960; x_wconf 90' lang='lat' dir='ltr'><strong>serie</strong></span> <span class='ocrx_word' id='word_1_92' title='bbox 474 2892 622 2959; x_wconf 85' lang='lat' dir='ltr'><strong>volumus</strong></span> <span class='ocrx_word' id='word_1_93' title='bbox 653 2889 846 2975; x_wconf 84' lang='lat' dir='ltr'><strong>peruenire:</strong></span> <span class='ocrx_word' id='word_1_94' title='bbox 879 2890 965 2973; x_wconf 85' lang='lat' dir='ltr'><strong>qnod</strong></span> <span class='ocrx_word' id='word_1_95' title='bbox 1007 2890 1139 2976; x_wconf 86' lang='lat' dir='ltr'><strong>quidam</strong></span> <span class='ocrx_word' id='word_1_96' title='bbox 1173 2891 1304 2959; x_wconf 88' lang='lat' dir='ltr'><strong>nomine</strong></span> <span class='ocrx_word' id='word_1_97' title='bbox 1334 2891 1487 2958; x_wconf 82' lang='lat' dir='ltr'><strong>Beriaiau</strong></span> 
     </span>
     <span class='ocr_line' id='line_1_16' title="bbox 358 2997 1488 3087; baseline 0.001 -22"><span class='ocrx_word' id='word_1_98' title='bbox 358 2997 496 3086; x_wconf 85' lang='lat' dir='ltr'><strong>Vulchk,</strong></span> <span class='ocrx_word' id='word_1_99' title='bbox 529 2999 661 3085; x_wconf 88' lang='lat' dir='ltr'><strong>Stepan,</strong></span> <span class='ocrx_word' id='word_1_100' title='bbox 694 2999 816 3086; x_wconf 86' lang='lat' dir='ltr'><strong>Vythu,</strong></span> <span class='ocrx_word' id='word_1_101' title='bbox 841 2998 991 3087; x_wconf 84' lang='lat' dir='ltr'><strong>Vulohyk</strong></span> <span class='ocrx_word' id='word_1_102' title='bbox 1023 2999 1110 3068; x_wconf 89' lang='lat' dir='ltr'><strong>filius</strong></span> <span class='ocrx_word' id='word_1_103' title='bbox 1126 3001 1221 3086; x_wconf 86' lang='lat' dir='ltr'><strong>Rese,</strong></span> <span class='ocrx_word' id='word_1_104' title='bbox 1235 2999 1384 3085; x_wconf 83' lang='lat' dir='ltr'><strong>Vulobey</strong></span> <span class='ocrx_word' id='word_1_105' title='bbox 1398 2999 1488 3066; x_wconf 89' lang='lat' dir='ltr'><strong>filius</strong></span> 
     </span>
     <span class='ocr_line' id='line_1_17' title="bbox 357 3105 1482 3194; baseline 0.002 -22"><span class='ocrx_word' id='word_1_106' title='bbox 357 3105 738 3194; x_wconf 83' lang='lat' dir='ltr'><strong>Drask,etDragua1an‚</strong></span> <span class='ocrx_word' id='word_1_107' title='bbox 770 3127 828 3193; x_wconf 87' lang='lat' dir='ltr'><strong>pro</strong></span> <span class='ocrx_word' id='word_1_108' title='bbox 859 3126 896 3173; x_wconf 92' lang='lat' dir='ltr'><strong>se</strong></span> <span class='ocrx_word' id='word_1_109' title='bbox 927 3113 960 3174; x_wconf 90' lang='lat' dir='ltr'><strong>et</strong></span> <span class='ocrx_word' id='word_1_110' title='bbox 989 3107 1138 3174; x_wconf 89' lang='lat' dir='ltr'><strong>omuibus</strong></span> <span class='ocrx_word' id='word_1_111' title='bbox 1169 3127 1279 3175; x_wconf 90' lang='lat' dir='ltr'><strong>eornm</strong></span> <span class='ocrx_word' id='word_1_112' title='bbox 1312 3109 1482 3193; x_wconf 79' lang='lat' dir='ltr'><strong>proximis,</strong></span> 
     </span>
     <span class='ocr_line' id='line_1_18' title="bbox 356 3212 1482 3298; baseline -0.004 -14"><span class='ocrx_word' id='word_1_113' title='bbox 356 3216 597 3284; x_wconf 87' lang='lat' dir='ltr'><strong>reambulantes</strong></span> <span class='ocrx_word' id='word_1_114' title='bbox 624 3234 696 3280; x_wconf 90' lang='lat' dir='ltr'><strong>cnm</strong></span> <span class='ocrx_word' id='word_1_115' title='bbox 712 3212 841 3281; x_wconf 88' lang='lat' dir='ltr'><strong>homine</strong></span> <span class='ocrx_word' id='word_1_116' title='bbox 870 3220 981 3281; x_wconf 88' lang='lat' dir='ltr'><strong>nostro</strong></span> <span class='ocrx_word' id='word_1_117' title='bbox 1012 3214 1176 3298; x_wconf 87' lang='lat' dir='ltr'><strong>quandam</strong></span> <span class='ocrx_word' id='word_1_118' title='bbox 1201 3222 1321 3283; x_wconf 87' lang='lat' dir='ltr'><strong>terram</strong></span> <span class='ocrx_word' id='word_1_119' title='bbox 1347 3215 1482 3282; x_wconf 89' lang='lat' dir='ltr'><strong>nomine</strong></span> 
     </span>
     <span class='ocr_line' id='line_1_19' title="bbox 355 3320 1482 3410; baseline -0.003 -19"><span class='ocrx_word' id='word_1_120' title='bbox 355 3325 511 3410; x_wconf 81' lang='lat' dir='ltr'><strong>Blagusa,</strong></span> <span class='ocrx_word' id='word_1_121' title='bbox 535 3323 577 3390; x_wconf 91' lang='lat' dir='ltr'><strong>de</strong></span> <span class='ocrx_word' id='word_1_122' title='bbox 592 3322 732 3389; x_wconf 83' lang='lat' dir='ltr'><strong>hiartino</strong></span> <span class='ocrx_word' id='word_1_123' title='bbox 748 3325 902 3389; x_wconf 86' lang='lat' dir='ltr'><strong>ventrose</strong></span> <span class='ocrx_word' id='word_1_124' title='bbox 917 3320 1089 3405; x_wconf 82' lang='lat' dir='ltr'><strong>iobagione</strong></span> <span class='ocrx_word' id='word_1_125' title='bbox 1108 3320 1217 3390; x_wconf 79' lang='lat' dir='ltr'><strong>Oastri</strong></span> <span class='ocrx_word' id='word_1_126' title='bbox 1235 3322 1482 3407; x_wconf 79' lang='lat' dir='ltr'><strong>Zagrabieusis,</strong></span> 
     </span>
     <span class='ocr_line' id='line_1_20' title="bbox 355 3429 1481 3516; baseline -0.002 -17"><span class='ocrx_word' id='word_1_127' title='bbox 355 3439 388 3500; x_wconf 87' lang='lat' dir='ltr'><strong>et</strong></span> <span class='ocrx_word' id='word_1_128' title='bbox 403 3432 539 3499; x_wconf 91' lang='lat' dir='ltr'><strong>eundem</strong></span> <span class='ocrx_word' id='word_1_129' title='bbox 556 3430 599 3498; x_wconf 90' lang='lat' dir='ltr'><strong>ad</strong></span> <span class='ocrx_word' id='word_1_130' title='bbox 616 3435 761 3498; x_wconf 89' lang='lat' dir='ltr'><strong>nostram</strong></span> <span class='ocrx_word' id='word_1_131' title='bbox 778 3429 917 3498; x_wconf 85' lang='lat' dir='ltr'><strong>citantes</strong></span> <span class='ocrx_word' id='word_1_132' title='bbox 943 3430 1148 3516; x_wconf 77' lang='lat' dir='ltr'><strong>presenciam</strong></span> <span class='ocrx_word' id='word_1_133' title='bbox 1179 3430 1288 3498; x_wconf 81' lang='lat' dir='ltr'><strong>taliter</strong></span> <span class='ocrx_word' id='word_1_134' title='bbox 1318 3450 1481 3516; x_wconf 88' lang='lat' dir='ltr'><strong>propone-</strong></span> 
     </span>
     <span class='ocr_line' id='line_1_21' title="bbox 354 3536 1482 3623; baseline -0.002 -17"><span class='ocrx_word' id='word_1_135' title='bbox 354 3544 434 3608; x_wconf 87' lang='lat' dir='ltr'><strong>bant</strong></span> <span class='ocrx_word' id='word_1_136' title='bbox 450 3563 457 3606; x_wconf 92' lang='lat'><strong>:</strong></span> <span class='ocrx_word' id='word_1_137' title='bbox 475 3537 561 3623; x_wconf 85' lang='lat' dir='ltr'><strong>quod</strong></span> <span class='ocrx_word' id='word_1_138' title='bbox 577 3539 653 3622; x_wconf 89' lang='lat' dir='ltr'><strong>ipsa</strong></span> <span class='ocrx_word' id='word_1_139' title='bbox 675 3546 760 3607; x_wconf 83' lang='lat' dir='ltr'><strong>esset</strong></span> <span class='ocrx_word' id='word_1_140' title='bbox 791 3536 992 3605; x_wconf 87' lang='lat' dir='ltr'><strong>hereditaria</strong></span> <span class='ocrx_word' id='word_1_141' title='bbox 1025 3543 1113 3606; x_wconf 86' lang='lat' dir='ltr'><strong>terra</strong></span> <span class='ocrx_word' id='word_1_142' title='bbox 1143 3536 1296 3623; x_wconf 86' lang='lat' dir='ltr'><strong>ipsorum,</strong></span> <span class='ocrx_word' id='word_1_143' title='bbox 1330 3545 1363 3604; x_wconf 86' lang='lat' dir='ltr'><strong>et</strong></span> <span class='ocrx_word' id='word_1_144' title='bbox 1393 3537 1482 3605; x_wconf 88' lang='lat' dir='ltr'><strong>idem</strong></span> 
     </span>
     <span class='ocr_line' id='line_1_22' title="bbox 353 3643 1483 3734; baseline -0.004 -18"><span class='ocrx_word' id='word_1_145' title='bbox 353 3647 512 3716; x_wconf 86' lang='lat' dir='ltr'><strong>Martinus</strong></span> <span class='ocrx_word' id='word_1_146' title='bbox 527 3646 663 3715; x_wconf 87' lang='lat' dir='ltr'><strong>eandem</strong></span> <span class='ocrx_word' id='word_1_147' title='bbox 680 3665 854 3734; x_wconf 85' lang='lat' dir='ltr'><strong>occupans,</strong></span> <span class='ocrx_word' id='word_1_148' title='bbox 871 3643 1077 3732; x_wconf 81' lang='lat' dir='ltr'><strong>deposuisset</strong></span> <span class='ocrx_word' id='word_1_149' title='bbox 1093 3643 1182 3731; x_wconf 85' lang='lat' dir='ltr'><strong>ipsos</strong></span> <span class='ocrx_word' id='word_1_150' title='bbox 1209 3645 1380 3712; x_wconf 86' lang='lat' dir='ltr'><strong>uiolenter.</strong></span> <span class='ocrx_word' id='word_1_151' title='bbox 1398 3645 1483 3711; x_wconf 80' lang='lat' dir='ltr'><strong>Gon·</strong></span> 
     </span>
     <span class='ocr_line' id='line_1_23' title="bbox 353 3750 1483 3841; baseline -0.004 -18"><span class='ocrx_word' id='word_1_152' title='bbox 353 3763 403 3823; x_wconf 84' lang='lat' dir='ltr'><strong>tra</strong></span> <span class='ocrx_word' id='word_1_153' title='bbox 433 3774 514 3841; x_wconf 88' lang='lat' dir='ltr'><strong>quos</strong></span> <span class='ocrx_word' id='word_1_154' title='bbox 545 3753 635 3821; x_wconf 88' lang='lat' dir='ltr'><strong>idem</strong></span> <span class='ocrx_word' id='word_1_155' title='bbox 666 3753 825 3823; x_wconf 85' lang='lat' dir='ltr'><strong>Martinus</strong></span> <span class='ocrx_word' id='word_1_156' title='bbox 856 3752 1074 3839; x_wconf 86' lang='lat' dir='ltr'><strong>respondebat</strong></span> <span class='ocrx_word' id='word_1_157' title='bbox 1091 3777 1098 3820; x_wconf 93' lang='lat'><strong>:</strong></span> <span class='ocrx_word' id='word_1_158' title='bbox 1115 3750 1200 3836; x_wconf 89' lang='lat' dir='ltr'><strong>quod</strong></span> <span class='ocrx_word' id='word_1_159' title='bbox 1226 3753 1299 3839; x_wconf 89' lang='lat' dir='ltr'><strong>ipsa</strong></span> <span class='ocrx_word' id='word_1_160' title='bbox 1316 3759 1404 3821; x_wconf 87' lang='lat' dir='ltr'><strong>terra</strong></span> <span class='ocrx_word' id='word_1_161' title='bbox 1418 3773 1483 3822; x_wconf 90' lang='lat' dir='ltr'><strong>sna</strong></span> 
     </span>
     <span class='ocr_line' id='line_1_24' title="bbox 353 3859 1481 3948; baseline -0.005 -14"><span class='ocrx_word' id='word_1_162' title='bbox 353 3871 440 3934; x_wconf 89' lang='lat' dir='ltr'><strong>esset</strong></span> <span class='ocrx_word' id='word_1_163' title='bbox 469 3862 668 3929; x_wconf 84' lang='lat' dir='ltr'><strong>hereditaria</strong></span> <span class='ocrx_word' id='word_1_164' title='bbox 699 3866 732 3928; x_wconf 90' lang='lat' dir='ltr'><strong>et</strong></span> <span class='ocrx_word' id='word_1_165' title='bbox 745 3861 863 3930; x_wconf 87' lang='lat' dir='ltr'><strong>fuisset</strong></span> <span class='ocrx_word' id='word_1_166' title='bbox 879 3862 921 3928; x_wconf 87' lang='lat' dir='ltr'><strong>ab</strong></span> <span class='ocrx_word' id='word_1_167' title='bbox 938 3859 1072 3945; x_wconf 89' lang='lat' dir='ltr'><strong>antiquo</strong></span> <span class='ocrx_word' id='word_1_168' title='bbox 1088 3879 1146 3946; x_wconf 88' lang='lat' dir='ltr'><strong>per</strong></span> <span class='ocrx_word' id='word_1_169' title='bbox 1171 3867 1297 3948; x_wconf 83' lang='lat' dir='ltr'><strong>patrem</strong></span> <span class='ocrx_word' id='word_1_170' title='bbox 1314 3868 1347 3928; x_wconf 89' lang='lat' dir='ltr'><strong>et</strong></span> <span class='ocrx_word' id='word_1_171' title='bbox 1362 3861 1481 3947; x_wconf 82' lang='lat' dir='ltr'><strong>prede-</strong></span> 
     </span>
     <span class='ocr_line' id='line_1_25' title="bbox 351 3966 1481 4056; baseline -0.004 -17"><span class='ocrx_word' id='word_1_172' title='bbox 351 3991 498 4041; x_wconf 78' lang='lat' dir='ltr'><strong>cessores</strong></span> <span class='ocrx_word' id='word_1_173' title='bbox 529 3990 605 4038; x_wconf 85' lang='lat' dir='ltr'><strong>snos</strong></span> <span class='ocrx_word' id='word_1_174' title='bbox 637 3969 773 4056; x_wconf 85' lang='lat' dir='ltr'><strong>pacifice</strong></span> <span class='ocrx_word' id='word_1_175' title='bbox 805 3987 960 4055; x_wconf 88' lang='lat' dir='ltr'><strong>possessa</strong></span> <span class='ocrx_word' id='word_1_176' title='bbox 991 3974 1024 4036; x_wconf 90' lang='lat' dir='ltr'><strong>et</strong></span> <span class='ocrx_word' id='word_1_177' title='bbox 1054 3966 1118 4035; x_wconf 91' lang='lat' dir='ltr'><strong>sibi</strong></span> <span class='ocrx_word' id='word_1_178' title='bbox 1148 3968 1272 4036; x_wconf 81' lang='lat' dir='ltr'><strong>relicta</strong></span> <span class='ocrx_word' id='word_1_179' title='bbox 1304 3969 1346 4034; x_wconf 80' lang='lat' dir='ltr'><strong>iit</strong></span> <span class='ocrx_word' id='word_1_180' title='bbox 1377 3967 1481 4036; x_wconf 88' lang='lat' dir='ltr'><strong>iidem</strong></span> 
     </span>
     <span class='ocr_line' id='line_1_26' title="bbox 351 4074 1483 4166; baseline -0.002 -21"><span class='ocrx_word' id='word_1_181' title='bbox 351 4080 513 4166; x_wconf 85' lang='lat' dir='ltr'><strong>Berizlau,</strong></span> <span class='ocrx_word' id='word_1_182' title='bbox 530 4074 658 4145; x_wconf 86' lang='lat' dir='ltr'><strong>Vuichix</strong></span> <span class='ocrx_word' id='word_1_183' title='bbox 669 4082 701 4144; x_wconf 92' lang='lat' dir='ltr'><strong>et</strong></span> <span class='ocrx_word' id='word_1_184' title='bbox 717 4074 797 4143; x_wconf 88' lang='lat' dir='ltr'><strong>socii</strong></span> <span class='ocrx_word' id='word_1_185' title='bbox 815 4074 866 4143; x_wconf 92' lang='lat' dir='ltr'><strong>sui</strong></span> <span class='ocrx_word' id='word_1_186' title='bbox 883 4074 1032 4159; x_wconf 88' lang='lat' dir='ltr'><strong>primitus</strong></span> <span class='ocrx_word' id='word_1_187' title='bbox 1047 4074 1214 4162; x_wconf 87' lang='lat' dir='ltr'><strong>nominati,</strong></span> <span class='ocrx_word' id='word_1_188' title='bbox 1232 4075 1483 4160; x_wconf 83' lang='lat' dir='ltr'><strong>requisivissent</strong></span> 
     </span>
     <span class='ocr_line' id='line_1_27' title="bbox 350 4180 1480 4274; baseline -0.003 -20"><span class='ocrx_word' id='word_1_189' title='bbox 350 4191 392 4256; x_wconf 88' lang='lat' dir='ltr'><strong>ab</strong></span> <span class='ocrx_word' id='word_1_190' title='bbox 408 4187 490 4274; x_wconf 87' lang='lat' dir='ltr'><strong>ipso,</strong></span> <span class='ocrx_word' id='word_1_191' title='bbox 507 4194 539 4254; x_wconf 85' lang='lat' dir='ltr'><strong>et</strong></span> <span class='ocrx_word' id='word_1_192' title='bbox 555 4183 763 4254; x_wconf 85' lang='lat' dir='ltr'><strong>institioasset</strong></span> <span class='ocrx_word' id='word_1_193' title='bbox 777 4183 820 4251; x_wconf 89' lang='lat' dir='ltr'><strong>ab</strong></span> <span class='ocrx_word' id='word_1_194' title='bbox 835 4183 918 4269; x_wconf 88' lang='lat' dir='ltr'><strong>ipsis</strong></span> <span class='ocrx_word' id='word_1_195' title='bbox 934 4182 1082 4252; x_wconf 88' lang='lat' dir='ltr'><strong>iudiciali</strong></span> <span class='ocrx_word' id='word_1_196' title='bbox 1105 4180 1272 4252; x_wconf 88' lang='lat' dir='ltr'><strong>sentencia</strong></span> <span class='ocrx_word' id='word_1_197' title='bbox 1302 4183 1480 4272; x_wconf 85' lang='lat' dir='ltr'><strong>mediante,</strong></span> 
     </span>
     <span class='ocr_line' id='line_1_28' title="bbox 349 4289 1480 4379; baseline -0.004 -16"><span class='ocrx_word' id='word_1_198' title='bbox 349 4295 506 4363; x_wconf 85' lang='lat' dir='ltr'><strong>exhibens</strong></span> <span class='ocrx_word' id='word_1_199' title='bbox 536 4293 581 4360; x_wconf 86' lang='lat' dir='ltr'><strong>ad</strong></span> <span class='ocrx_word' id='word_1_200' title='bbox 610 4293 673 4362; x_wconf 91' lang='lat' dir='ltr'><strong>hoo</strong></span> <span class='ocrx_word' id='word_1_201' title='bbox 697 4293 845 4379; x_wconf 92' lang='lat' dir='ltr'><strong>protinus</strong></span> <span class='ocrx_word' id='word_1_202' title='bbox 863 4292 991 4360; x_wconf 87' lang='lat' dir='ltr'><strong>litteras</strong></span> <span class='ocrx_word' id='word_1_203' title='bbox 1010 4290 1187 4359; x_wconf 77' lang='lat' dir='ltr'><strong>Alexandri</strong></span> <span class='ocrx_word' id='word_1_204' title='bbox 1204 4289 1367 4376; x_wconf 85' lang='lat' dir='ltr'><strong>quondam</strong></span> <span class='ocrx_word' id='word_1_205' title='bbox 1384 4291 1480 4358; x_wconf 89' lang='lat' dir='ltr'><strong>Vice-</strong></span> 
     </span>
     <span class='ocr_line' id='line_1_29' title="bbox 348 4398 1475 4486; baseline -0.004 -15"><span class='ocrx_word' id='word_1_206' title='bbox 348 4402 427 4471; x_wconf 89' lang='lat' dir='ltr'><strong>bani</strong></span> <span class='ocrx_word' id='word_1_207' title='bbox 443 4409 475 4472; x_wconf 87' lang='lat' dir='ltr'><strong>et</strong></span> <span class='ocrx_word' id='word_1_208' title='bbox 491 4401 626 4471; x_wconf 79' lang='lat' dir='ltr'><strong>Comitis</strong></span> <span class='ocrx_word' id='word_1_209' title='bbox 650 4401 891 4486; x_wconf 79' lang='lat' dir='ltr'><strong>Zagrabiensis,</strong></span> <span class='ocrx_word' id='word_1_210' title='bbox 924 4407 957 4467; x_wconf 89' lang='lat' dir='ltr'><strong>et</strong></span> <span class='ocrx_word' id='word_1_211' title='bbox 986 4399 1158 4486; x_wconf 83' lang='lat' dir='ltr'><strong>privilegio</strong></span> <span class='ocrx_word' id='word_1_212' title='bbox 1183 4398 1288 4466; x_wconf 83' lang='lat' dir='ltr'><strong>felicis</strong></span> <span class='ocrx_word' id='word_1_213' title='bbox 1321 4399 1475 4467; x_wconf 88' lang='lat' dir='ltr'><strong>memorie</strong></span> 
     </span>
     <span class='ocr_line' id='line_1_30' title="bbox 348 4505 1480 4597; baseline -0.002 -20"><span class='ocrx_word' id='word_1_214' title='bbox 348 4510 506 4597; x_wconf 84' lang='lat' dir='ltr'><strong>Stephani</strong></span> <span class='ocrx_word' id='word_1_215' title='bbox 523 4510 604 4576; x_wconf 89' lang='lat' dir='ltr'><strong>Bani</strong></span> <span class='ocrx_word' id='word_1_216' title='bbox 620 4509 793 4596; x_wconf 82' lang='lat' dir='ltr'><strong>inscriptas</strong></span> <span class='ocrx_word' id='word_1_217' title='bbox 809 4507 851 4576; x_wconf 81' lang='lat' dir='ltr'><strong>de</strong></span> <span class='ocrx_word' id='word_1_218' title='bbox 868 4510 966 4576; x_wconf 88' lang='lat' dir='ltr'><strong>verbo</strong></span> <span class='ocrx_word' id='word_1_219' title='bbox 981 4508 1025 4575; x_wconf 84' lang='lat' dir='ltr'><strong>ad</strong></span> <span class='ocrx_word' id='word_1_220' title='bbox 1042 4509 1174 4577; x_wconf 80' lang='lat' dir='ltr'><strong>verbum</strong></span> <span class='ocrx_word' id='word_1_221' title='bbox 1191 4515 1222 4574; x_wconf 91' lang='lat' dir='ltr'><strong>et</strong></span> <span class='ocrx_word' id='word_1_222' title='bbox 1253 4505 1480 4595; x_wconf 85' lang='lat' dir='ltr'><strong>confirmatas,</strong></span> 
     </span>
     <span class='ocr_line' id='line_1_31' title="bbox 347 4615 1480 4703; baseline -0.004 -17"><span class='ocrx_word' id='word_1_223' title='bbox 347 4623 592 4703; x_wconf 87' lang='lat' dir='ltr'><strong>autenticasque</strong></span> <span class='ocrx_word' id='word_1_224' title='bbox 609 4618 753 4686; x_wconf 85' lang='lat' dir='ltr'><strong>eiusdem</strong></span> <span class='ocrx_word' id='word_1_225' title='bbox 772 4617 936 4703; x_wconf 75' lang='lat' dir='ltr'><strong>Stephani</strong></span> <span class='ocrx_word' id='word_1_226' title='bbox 953 4616 1035 4685; x_wconf 90' lang='lat' dir='ltr'><strong>Bani</strong></span> <span class='ocrx_word' id='word_1_227' title='bbox 1053 4617 1226 4702; x_wconf 77' lang='lat' dir='ltr'><strong>privilegio</strong></span> <span class='ocrx_word' id='word_1_228' title='bbox 1243 4615 1343 4683; x_wconf 80' lang='lat' dir='ltr'><strong>telem</strong></span> <span class='ocrx_word' id='word_1_229' title='bbox 1360 4617 1480 4684; x_wconf 88' lang='lat' dir='ltr'><strong>seriem</strong></span> 
     </span>
    </p>
   </div>
   <div class='ocr_carea' id='block_1_7' title="bbox 0 0 1596 5186">
    <p class='ocr_par' dir='ltr' id='par_1_8' title="bbox 0 0 1596 5186">
     <span class='ocr_line' id='line_1_32' title="bbox 0 0 1596 5186; baseline 0 8"><span class='ocrx_word' id='word_1_230' title='bbox 0 0 1596 5186; x_wconf 95' lang='lat' dir='ltr'><strong> </strong></span> 
     </span>
    </p>
   </div>
  </div>
 </body>
</html>
