3116 5178
585 351 746 454 „au-

9 559 10 564 ’
110 550 171 618 rint
184 549 329 617 obtinere
346 571 354 614 ι
372 548 626 618 Universitatem
652 555 793 616 uestrum
820 567 985 615 menemus
1015 552 1048 613 et
1077 569 1230 633 regamus

10 703 11 706 =
110 665 237 746 attente,
269 679 328 743 per
343 657 535 744 Apostoliea
551 656 644 725 vobis
675 655 798 742 seriptu
828 657 1033 742 mandantes,
1066 664 1229 741 quatenus

9 797 11 810 ι
108 765 305 834 considerate
321 765 467 854 prouide,
492 783 590 848 quam
607 763 650 831 sit
664 763 754 832 utilis
786 764 881 831 vobis
912 764 945 828 in
978 764 1045 831 illis
1077 765 1227 848 partibus

109 875 238 944 lrutrutn
254 872 423 960 presentia
438 872 624 960 eorundem,
642 872 724 958 ipsis
740 871 781 939 de
797 872 908 956 alique
924 871 1004 950 loeo,
1031 870 1064 937 in
1082 892 1145 954 qne
1162 892 1228 939 nro-

107 982 165 1051 ruri
179 981 349 1050 eommede
364 981 509 1064 valeant,
536 985 568 1046 et
584 980 702 1048 deuote
717 979 857 1046 Domino
875 978 1037 1062 famulari,
1069 979 1113 1046 ad
1129 981 1226 1046 eolla-

9 1137 10 1162 2
107 1093 219 1158 tionem
249 1095 395 1157 vestram
425 1095 606 1175 spectante,
638 1087 671 1156 in
704 1087 847 1155 Ciuitate
879 1085 1027 1171 predicta
1058 1085 1228 1173 providere

8 1229 10 1270 2
105 1199 235 1264 libenter
260 1204 294 1265 et
320 1197 497 1266 liberaliter
513 1193 682 1265 studeatis.
721 1195 911 1262 Mandatum
942 1202 1089 1263 nestrum
1121 1195 1228 1262 taliter

8 1293 10 1384 J
105 1303 274 1392 impleturi,
292 1306 379 1389 quod
395 1305 599 1374 deuotionem
616 1311 760 1372 vestram
778 1303 894 1371 exinde
911 1302 1044 1388 dignis
1036 1325 1070 1370 un
1087 1303 1227 1371 Domino

8 1401 11 1422 '
106 1413 331 1481 commendare
346 1413 501 1481 laudibus
518 1412 698 1480 valeamus.
722 1415 844 1479 Datum
859 1409 1010 1496 Lugduni
1025 1409 1102 1478 ΧΠ.
1113 1395 1227 1480 kulen-

8 1449 10 1556 i

8 1559 13 1648 i

105 1521 160 1588 dus
173 1519 338 1608 lanuarij,
355 1519 566 1590 Pontifieatns
581 1519 684 1590 nestri
700 1539 787 1586 unne
803 1517 957 1586 seeundo.

317 1717 446 1786 (sante
466 1719 614 1786 myrteum
633 1719 750 1772 Ssemm
767 1718 801 1771 V.
821 1717 880 1769 ludt.
901 1721 944 1768 te.
963 1717 993 1782 l.)

627 2548 702 2616 att.

103 2750 158 2816 IV.
173 2753 268 2818 Inuze
281 2753 439 2840 pdpdaak
455 2751 619 2837 enpedelye
635 2773 657 2814 a
672 2746 805 2832 zeprdbi
819 2748 949 2835 perpet
963 2750 1125 2824 szdmciru,
1141 2747 1224 2830 bepy

105 2859 193 2924 dieue
208 2863 240 2924 e's
257 2859 402 2944 eqybdza
416 2859 494 2923 ellan
511 2882 549 2920 az
566 2857 701 2941 apostoli
717 2851 959 2918 sze'lcnelebira'i
987 2877 1008 2917 a
1039 2852 1225 2917 kiltiizdst'tds

258 2987 343 3054 napy
357 2967 563 3031 interdictam
580 2965 696 3028 ite‘lete't
714 2986 751 3026 ne
769 2961 953 3028 bozbuasdk.
972 2959 1069 3024 1245.

187 3164 348 3228 Metius,
367 3163 493 3214 Menum.
513 3161 578 3212 bnt.
598 3161 689 3226 Epire.
708 3159 902 3226 Zagrabiensis
919 3157 942 3208 1.
961 3157 1021 3207 tet.
1042 3160 1084 3207 st.
1103 3155 1133 3219 L)
