3116 5186
839 871 915 941 232.

317 1079 397 1148 Uror
415 1079 526 1146 Istoriu
541 1077 626 1143 surb
651 1075 761 1160 kiroty
794 1074 962 1161 bttuatur
994 1074 1026 1138 60
1056 1071 1249 1158 bordtsrtqot
1275 1067 1396 1157 soyad
1426 1094 1447 1135 o

686 1181 946 1270 roqozoioknuk.
965 1181 1063 1246 1243.

398 1381 435 1450 in
449 1379 580 1448 nomine
594 1381 701 1448 Patris
712 1386 744 1447 et
754 1377 831 1447 Filii
842 1387 874 1447 et
884 1378 1024 1466 Spiritus
1035 1375 1157 1445 Sanoti.
1169 1376 1239 1461 Ego
1251 1374 1446 1462 Stephanus

309 1491 394 1558 Vros
419 1488 482 1558 Dei
508 1488 615 1574 gratia
643 1489 712 1554 Rex
738 1488 838 1555 totius
863 1493 948 1553 terre
972 1484 1089 1553 Rnssie
1115 1491 1148 1551 et
1171 1483 1349 1570 Maritime,
1375 1485 1445 1550 iuro

308 1599 427 1665 Comiti
462 1596 597 1680 Rugusii
633 1594 778 1662 Johonni
802 1593 954 1662 Michaeli
981 1600 1013 1659 et
1037 1591 1187 1658 omnibus
1212 1591 1382 1659 nobilibus
1409 1598 1441 1659 et

309 1703 484 1773 Communi
500 1703 656 1786 eiusdem,
672 1702 760 1788 quod
774 1704 816 1770 ab
836 1700 933 1770 hodio
949 1703 983 1768 in
1003 1707 1103 1769 antes
1127 1699 1231 1767 donee
1256 1720 1315 1767 vos
1343 1704 1443 1766 stete·

311 1811 384 1880 ritis
401 1812 480 1878 mihi
498 1810 532 1877 in
557 1810 631 1896 fide,
657 1809 781 1877 institia
805 1815 839 1877 et
863 1829 985 1895 amore,
1012 1821 1048 1874 nt
1072 1809 1183 1874 vivom
1207 1807 1382 1874 vobiscum
1410 1807 1443 1874 in

312 1941 393 2006 paco
409 1927 441 1986 et
457 1937 579 2004 amore,
600 1919 684 1984 siout
709 1916 789 1983 vixit
814 1916 963 1984 domiuus
989 1920 1082 2001 pater
1107 1934 1197 1982 mens
1223 1935 1296 1982 enm
1323 1920 1445 1983 vestris

309 2024 571 2094 antecessoribus
600 2030 632 2091 et
656 2023 834 2091 nobiseum.
865 2025 905 2089 nt
929 2022 1031 2090 vestri
1057 2029 1254 2090 mercatores
1280 2029 1312 2090 et
1340 2023 1444 2091 vestri

306 2134 456 2201 homines
493 2133 578 2219 sani,
611 2151 676 2198 nou
702 2131 889 2216 distortisti,
916 2138 952 2198 nt
973 2131 1110 2198 veniant
1133 2130 1235 2198 libers
1260 2133 1385 2198 stando
1411 2139 1444 2198 et

312 2241 428 2329 eundo,
446 2239 665 2327 competendo
683 2246 715 2306 et
739 2239 911 2306 vendendo
942 2259 1001 2323 per
1026 2258 1132 2305 meam
1157 2245 1290 2326 terram,
1314 2239 1441 2306 denudo

309 2348 392 2415 iilud
410 2345 496 2434 quod
513 2355 561 2414 est
577 2345 777 2414 consuetudo
803 2345 917 2414 damdi
942 2348 1003 2415 stb.
1028 2349 1069 2412 Et
1094 2367 1186 2414 mens
1213 2346 1441 2414 Comorzarius

306 2463 369 2522 stet
384 2454 419 2521 in
437 2461 548 2523 vestre
564 2452 715 2542 civitate,
730 2457 814 2523 siout
830 2455 920 2522 stetit
939 2455 1070 2523 domino
1092 2455 1178 2540 patri
1206 2475 1287 2536 meo,
1314 2463 1351 2524 ot
1377 2463 1442 2524 sta·

304 2584 367 2632 neo
382 2563 425 2630 sit
440 2563 525 2630 inter
540 2582 599 2629 nos
615 2583 636 2629 a
653 2562 772 2629 Sancto
787 2562 948 2630 Miohaele
965 2583 1068 2646 usquo
1094 2563 1138 2630 ed
1163 2562 1320 2631 Sanotnm
1340 2565 1440 2632 Geor-

310 2672 409 2757 gium,
427 2671 512 2740 siout
530 2669 592 2736 fuit
609 2669 725 2736 diebus
742 2668 865 2737 domini
882 2671 988 2757 patris
1014 2669 1079 2737 mei
1104 2690 1174 2737 oum
1200 2671 1320 2737 uestris
1347 2679 1439 2740 ante·
1471 2711 1475 2718 ·

305 2779 488 2847 oessoribus
505 2783 538 2844 et
553 2777 719 2845 vobiscum
736 2781 771 2845 in
787 2780 862 2848 looo
891 2777 1077 2846 constituto.
1106 2779 1148 2846 Et
1173 2799 1246 2845 oum
1272 2783 1440 2848 oonvene'

304 2886 368 2955 rint
389 2887 532 2973 judiees,
559 2886 714 2952 inrabunt
741 2897 864 2954 rootnm
892 2885 1049 2953 indicium
1074 2883 1229 2972 indicare,
1257 2887 1438 2956 seeundum

304 2994 576 3062 oousnetntinem.
605 2995 658 3064 ‚Et
695 2993 739 3059 ad
773 2994 837 3062 hoo
869 2995 1088 3062 iuramentum
1127 2996 1249 3063 inravit
1283 2995 1437 3065 dominus

304 3103 374 3170 Rex
390 3102 453 3170 stb.

409 3209 505 3277 Anno
527 3207 768 3276 Inoornationis
793 3208 925 3277 Domini
949 3210 1054 3278 nostri
1079 3210 1158 3280 Jesu
1183 3209 1305 3278 Christi
1332 3213 1438 3282 mille-

303 3315 386 3384 simo
420 3315 592 3384 ccxnlll.
633 3318 753 3385 mensis
781 3317 922 3404 Augusti
951 3318 1195 3404 quartodecimo
1231 3319 1295 3408 die,
1333 3321 1436 3388 indie·

302 3425 390 3492 tione
406 3425 522 3511 primo.

357 3621 394 3685 (Δ
412 3621 486 3674 1)έωί
504 3623 624 3676 ostszriri
643 3625 730 3677 titkos
750 3625 923 3678 reversorum
943 3627 1038 3678 ὅτιὸτι
1057 3627 1161 3680 eredeti
1180 3627 1376 3694 psldrtnybol.)

944 3933 950 3945 Ι
