3206 5184
656 259 817 400 aa,

173 487 248 560 darn
282 488 403 554 iontem
435 488 614 557 Cberniche
646 495 814 569 vocatum
838 490 879 556 de
894 508 958 572 qun
975 507 1088 556 cursus
1103 485 1147 553 ad
1162 486 1301 554 eandem

173 596 304 679 plagam
320 600 501 680 pergentes
515 596 681 664 venisseut
697 597 741 662 ad
757 597 916 681 quasdam
931 615 1048 682 vepres
1064 591 1299 662 vercsharaath

172 708 387 786 nuncupatas,
403 701 459 767 vbi
474 709 582 770 essent
598 701 662 770 duc
678 710 763 770 mete
793 709 897 771 terres
928 701 1079 787 antique;
1103 700 1144 765 ds
1176 699 1296 782 quibus

174 809 216 876 ad
232 807 412 892 predictam
444 809 577 896 plagam
609 809 642 874 in
675 809 799 877 eisdem
831 810 1057 894 vepribusper
1077 807 1206 889 largum
1222 825 1300 892 spa·

174 918 257 984 cium
272 925 385 984 euntes
402 917 588 1001 attigissent
605 939 702 985 vnum
727 916 871 1002 lapidem
904 919 1047 1002 planum,
1080 917 1172 984 iuxta
1204 933 1301 997 quem

174 1043 266 1092 essen
296 1024 445 1090 similiter
475 1023 538 1091 duo
568 1030 653 1092 mete
685 1033 804 1106 terree3
828 1045 849 1092 a
880 1025 995 1110 quibus
1026 1024 1119 1090 iuxta
1133 1021 1297 1106 quandam

176 1130 293 1199 uallem
312 1133 582 1217 Kamanyauelge
607 1140 754 1200 roesam
771 1152 792 1198 a
809 1140 904 1218 parte
936 1133 1051 1198 dextra
1082 1151 1140 1215 per
1171 1131 1300 1212 largum

174 1239 319 1323 spacium
338 1246 460 1324 euntes,
487 1247 520 1306 et
535 1239 567 1304 in
585 1238 705 1306 dictam
721 1240 842 1307 vallem
859 1238 1115 1325 descendissent,
1131 1239 1300 1324 peruenis-

173 1355 245 1413 sent
270 1346 313 1411 ad
330 1354 395 1412 tres
412 1351 515 1413 metas
533 1348 706 1430 angulares
722 1351 756 1414 in
771 1346 860 1414 dicta
890 1348 979 1414 valle
1009 1347 1103 1413 iuxta
1134 1343 1298 1427 quoddam

175 1453 329 1518 aluueum
362 1454 487 1538 positas
519 1460 551 1519 st
567 1462 702 1539 erectas,
735 1453 896 1537 dictisque
926 1451 1186 1538 possessionibus
1202 1451 1299 1535 Kwn,

177 1558 380 1626 Ztamafolua
396 1561 551 1645 etlapsa
567 1562 690 1628 uocatis
706 1560 931 1647 distingcntes,
948 1568 980 1627 et
995 1558 1117 1626 abinde
1126 1560 1166 1650 in
1183 1559 1300 1626 eadem

175 1667 261 1731 valle
291 1667 398 1734 adhuc
429 1669 471 1732 ad
503 1666 621 1735 dictam
653 1670 788 1753 plagam
812 1665 1002 1734 orientalem
1033 1675 1205 1751 pergentes
1221 1666 1296 1732 atti-

173 1776 298 1858 gissent
315 1775 395 1842 duas
412 1782 516 1842 metas
532 1783 654 1844 terreas
670 1777 703 1842 in
736 1775 966 1844 coniunccione
997 1773 1132 1840 duarum
1163 1773 1298 1840 uallium

176 1881 353 1966 Vrasuelge
378 1891 411 1948 et
426 1883 591 1966 Vasvelge
621 1890 810 1950 vocatarum
826 1882 1022 1965 adiacentes,
1040 1880 1209 1963 eidemque
1224 1881 1300 1948 Kun

176 1996 207 2055 ct
222 1989 424 2054 Ztamteleke
441 1995 555 2056 vocate
570 1996 784 2074 separantes3
808 1991 850 2058 de
881 1989 998 2072 quibus
1030 1988 1064 2053 in
1095 1987 1184 2054 dicta
1214 1988 1300 2056 ualle

174 2095 353 2179 Vrasuslgc
393 2094 555 2161 modicum
597 2095 788 2164 declinando
819 2118 839 2162 a
870 2101 965 2182 parte
995 2094 1110 2161 dextra
1141 2096 1239 2180 alusy
1265 2094 1301 2160 iu

175 2202 264 2268 dicta
279 2201 365 2268 valle
384 2202 485 2267 babiti
501 2203 656 2269 currendo
675 2202 903 2287 peruenissent
920 2200 963 2268 ad
980 2201 1062 2266 alias
1088 2200 1168 2268 duas
1194 2207 1298 2268 metas
1414 2277 1418 2284 ¹

176 2311 210 2376 in
226 2309 338 2376 eadem
356 2311 442 2376 valle
458 2311 601 2396 positas;
625 2311 710 2379 vnde
727 2297 832 2378 eundo
848 2313 883 2376 in
899 2311 988 2378 dicta
1019 2307 1107 2376 valle
1134 2317 1299 2390 pertrans·
1387 2359 1390 2364 a

177 2416 283 2484 eundo
300 2415 469 2483 venissent
485 2417 528 2482 ad
544 2415 626 2484 duas
643 2426 747 2486 metas
778 2425 902 2484 terreas
933 2418 967 2484 in
999 2418 1099 2484 latere
1130 2416 1298 2483 cuiusdam

179 2525 276 2591 berch
307 2523 452 2608 positas;
476 2522 517 2591 de
543 2525 657 2608 quibus
688 2525 809 2593 dictum
841 2524 938 2593 berch
969 2523 1183 2613 ascendendo,
1216 2531 1248 2594 et
1264 2524 1298 2590 in

175 2632 288 2700 eodem
320 2630 481 2698 modicum
522 2633 665 2716 spacium
711 2631 865 2700 currendo
906 2633 1131 2717 peruenissent
1162 2631 1204 2700 ad
1235 2641 1302 2700 tres

176 2745 279 2805 metas
296 2744 418 2805 terreas
435 2739 468 2803 in
487 2739 599 2804 eodem
612 2737 708 2806 berch
724 2741 861 2826 positas,
877 2741 970 2806 iuxta
985 2741 1201 2808 assensionem
1220 2741 1299 2806 dicti

150 2902 153 2908 .
175 2843 328 2912 Corrardi
345 2845 606 2930 possessionibus
621 2845 732 2929 Kuvn5
766 2843 987 2912 Ztamatcleke
1013 2856 1046 2912 et
1076 2847 1203 2929 Zagrab
1220 2869 1298 2915 nun·

177 2954 303 3039 cupatis
319 2952 548 3036 dietingentes.
582 2951 645 3017 Ubi
661 2952 777 3018 Petrus
793 2951 877 3018 lilius
893 2951 1022 3017 Nicolai
1047 2949 1123 3019 dicti
1155 2952 1300 3041 Somogy

176 3061 217 3126 de
234 3061 325 3127 ana
342 3059 558 3144 comparando
574 3057 654 3143 ipsis
672 3065 818 3126 curasset
834 3058 1010 3143 notificare,
1026 3059 1112 3143 quod
1129 3061 1207 3126 lieet
1238 3061 1302 3128 duc

177 3167 335 3234 dictarum
352 3167 447 3232 triam
473 3174 630 3233 metarum
662 3167 915 3251 prescriptorum
945 3169 1187 3251 possessionum
1218 3169 1304 3238 Kwn

177 3285 208 3342 et
223 3275 453 3342 Ztamateleke
467 3282 654 3342 vocatarum
671 3274 886 3358 haberentur;
910 3280 1018 3340 brnen
1034 3275 1135 3342 tercia
1159 3279 1304 3361 ipsarum

176 3405 241 3450 uon
257 3383 435 3467 prescripta
460 3382 659 3466 possessioni
675 3383 838 3470 Zabragb,
855 3380 914 3449 sed
929 3381 1071 3476 eiusdem
1088 3383 1303 3468 possessionis

179 3489 519 3572 Zuhasevextitisset;
543 3491 656 3574 inquo
686 3489 816 3575 quidem
841 3490 942 3556 berch
973 3491 1132 3574 regiraret
1162 3488 1205 3558 ad
1234 3492 1304 3576 pla-

176 3618 251 3683 gam
269 3595 512 3681 occidentalem,
535 3598 615 3663 etin
632 3597 748 3664 eadem
764 3620 821 3685 per
837 3598 1008 3666 continuas
1023 3605 1126 3666 metas
1144 3598 1302 3667 currendo

177 3703 319 3772 venisset
335 3700 378 3770 ad
394 3701 475 3770 duas
491 3712 595 3772 metas
611 3711 746 3794 terrens,
778 3707 883 3774 eidem
915 3707 1001 3772 Kwn
1016 3726 1038 3771 a
1055 3713 1145 3791 parte
1176 3707 1302 3792 dextra,

177 3816 211 3878 et
225 3809 422 3897 possessioni
455 3811 572 3880 Habon
604 3820 718 3884 vocate
734 3837 754 3882 a
771 3823 864 3899 parte
885 3813 1019 3882 sinistra
1035 3822 1239 3901 separantes.
1267 3817 1304 3883 ln

178 3919 295 4004 quibus
313 3917 488 4001 Gregorius
504 3919 588 3989 filius
602 3920 765 3990 Dominioi
781 3922 927 3989 dedicta
943 3923 1062 3990 Habon
1088 3925 1303 4008 personaliter

176 4025 394 4111 comparando
424 4045 483 4109 per
514 4027 644 4096 modum
677 4029 926 4117 protestacionis
943 4029 1025 4116 ipsis
1042 4038 1185 4098 curasset
1201 4029 1302 4114 signi·

175 4134 289 4218 linari,
320 4130 405 4215 quod
437 4130 516 4200 licet
547 4134 669 4203 dictum
702 4137 908 4222 priuilegium
939 4137 1040 4224 ipsius
1073 4137 1195 4206 domini
1227 4137 1305 4204 Bels

174 4242 273 4324 Regis
306 4239 377 4325 hoc,
409 4240 535 4323 quoda
560 4248 652 4328 parte
678 4244 796 4312 dextra
821 4244 957 4313 condm
973 4248 1077 4332 Bolug
1092 4246 1302 4331 predecessor

175 4347 332 4417 antedicti
347 4347 507 4416 lobannis
533 4349 683 4419 Litterati
717 4352 883 4441 donatiuo,
902 4362 1030 4440 aparte
1061 4375 1139 4422 vero
1171 4354 1304 4424 sinistra

176 4453 361 4523 extitissent
391 4455 598 4543 hereditaria,
631 4467 666 4526 vt
683 4457 811 4548 dicitnr,
843 4461 877 4528 in
893 4481 928 4529 se
954 4463 1176 4531 declarasset:
1194 4469 1303 4532 tamen

165 4561 264 4630 dicta
293 4561 440 4650 possesio
470 4563 588 4633 Habon
612 4586 635 4633 a
651 4573 764 4676 ‘parte'
789 4568 925 4638 sinistra
957 4569 1112 4638 dictarum
1144 4576 1304 4640 mearum
