3116 5186
540 207 701 304 „2243-

9 377 11 392 ¹
64 395 186 463 duorum
201 397 245 464 'et
270 399 424 465 heredum
455 406 487 464 et
513 419 745 468 successorum.
762 401 804 466 ut
821 402 849 466 si
867 400 1043 485 aliquando
1057 402 1085 468 si
1111 421 1177 486 qua

9 589 10 592 Ἴ
63 505 271 590 controversia
288 506 358 574 sive
384 509 511 590 questio
536 507 623 574 inter
640 528 698 576 nos
723 529 823 595 super
838 509 948 593 aliquo
973 517 1045 578 orta
1068 507 1176 593 fuerit,

66 613 169 679 tercius
199 620 346 680 nostrum
379 613 498 698 aliquis
539 615 610 682 sine
641 615 757 684 fraude
788 621 820 683 et
850 616 991 684 fideliter
1031 616 1074 683 de
1104 615 1177 702 ipsa

9 799 10 802 Ἴ
66 721 273 788 controversia
308 723 378 790 sive
409 722 578 806 questione
609 723 694 790 inter
722 723 804 790 duos
835 731 977 792 nostrum
1012 724 1042 789 si
1071 729 1181 810 potest

9 821 11 876 ἶ
67 838 223 915 componat
255 829 474 898 amicabiliter
504 838 539 898 et
567 830 613 898 ad
644 851 757 916 pacem
775 852 832 899 eos
862 830 1013 919 deducat,
1028 831 1174 915 alioquin

9 981 12 1026 ,
66 937 128 1019 ipsa
155 939 379 1005 controversia
407 940 478 1006 sive
508 938 635 1022 questio
651 959 759 1006 coram
785 940 948 1007 iudicibus
974 940 1077 1026 ipsius
1094 947 1179 1005 terre

9 1039 12 1124 l
66 1043 225 1112 secundnm
242 1047 315 1112 eius
346 1043 609 1114 consuetudinem
640 1046 759 1114 debeat
775 1047 927 1116 ventilari
945 1054 978 1116 et
1002 1046 1181 1114 terminari.

9 1153 199 1260 ,Predicta
214 1173 295 1220 vero
311 1155 437 1236 questio
453 1157 501 1221 ita
515 1153 747 1238 intelligatura
758 1156 997 1240 quinquaginta
1027 1153 1180 1220 bizantiis

9 1289 11 1336 ς
65 1268 92 1328 et
104 1260 189 1328 unfra
207 1262 291 1326 llt
263 1283 293 1328 sn
320 1262 447 1345 questio
476 1262 575 1330 fuerit
590 1284 612 1330 a
626 1263 867 1350 quinquaginta
890 1263 1042 1344 bizantiis
1066 1281 1176 1348 supra,

9 1381 12 1476 ι
66 1369 149 1441 liceat
163 1370 297 1438 cuilibet
312 1380 457 1438 nostrum
473 1371 641 1457 appellare
666 1373 710 1438 ad
726 1371 860 1440 (iuriam
877 1373 999 1440 domini
1015 1373 1128 1454 Ducis,
1145 1380 1178 1438 et

9 1479 12 1558 l
65 1479 100 1543 in
106 1479 211 1546 eadem
228 1479 355 1546 Curia
345 1499 419 1565 ipsa
434 1482 560 1564 questio
586 1479 704 1548 debeat
720 1481 875 1564 cognosci
895 1489 927 1548 et
951 1480 1129 1566 terminari,
1147 1485 1180 1546 et

9 1575 11 1604 ¹
63 1606 158 1654 omncs
174 1589 373 1676 nomenoius,
390 1609 453 1672 que
478 1590 544 1656 lato
574 1589 698 1656 fuerint
713 1590 893 1657 secundum
909 1589 1181 1658 consuetudinem

65 1695 154 1778 ipsius
169 1704 253 1762 terre
288 1705 354 1763 tarn
386 1697 419 1762 in
452 1697 584 1764 civitate
600 1718 699 1782 quam
725 1697 869 1766 castellis
901 1704 1033 1782 totaque
1063 1697 1182 1781 insula,

64 1808 192 1868 tenerum
206 1802 329 1871 ducere
346 1803 389 1870 ad
413 1805 702 1891 complementum;
722 1808 798 1872 etsi
825 1807 898 1889 quis
917 1803 1050 1873 rebellis
1065 1809 1178 1872 contra

65 1909 179 1975 eadem
188 1913 376 1978 sentencias
387 1913 492 1995 luerit,
505 1913 643 1980 torcium
653 1921 686 1979 et
700 1913 858 1980 auxilium
874 1934 916 1980 ac
931 1932 1067 1998 operam
1085 1910 1177 1977 dabit

66 2018 182 2099 quilibet
208 2026 369 2104 nostrum,
386 2027 421 2086 ut
436 2021 508 2105 ipse
534 2020 699 2089 sentencie
715 2023 950 2106 compleantur.
973 2019 1176 2088 Remittimus

65 2127 143 2197 nobis
159 2148 271 2196 omncs
290 2127 435 2196 offensas
452 2133 485 2196 et
495 2129 631 2196 iniurias
641 2129 785 2198 vicissim
796 2129 988 2197 etomnibus
998 2127 1180 2195 bominibus

68 2234 192 2301 eiusdem
208 2243 297 2302 terre
313 2245 489 2322 atempore
504 2235 741 2304 discordiarum
756 2245 898 2304 ortanum
909 2238 1061 2304 internos
1075 2255 1179 2321 usque

67 2361 154 2426 nnnc,
169 2342 273 2410 salvis
302 2342 336 2408 in
362 2343 455 2410 nobis
481 2342 549 2410 illis
564 2361 567 2368 ’
581 2343 772 2430 rationibus,
791 2365 852 2429 que
868 2344 961 2413 nobis
988 2349 1174 2432 competunt

67 2457 121 2517 tan
133 2448 164 2515 in
174 2451 275 2519 Curia
286 2450 408 2518 domini
419 2451 519 2519 Ducis
528 2452 741 2521 veneciarum
753 2473 850 2538 quam
860 2455 895 2520 in
905 2452 1003 2520 Curia
1014 2452 1178 2539 Veglcnsi,

68 2564 93 2621 et
105 2557 198 2626 eciam
216 2560 322 2626 salvis
337 2561 512 2628 sentenciis
527 2561 690 2645 quondam
706 2561 783 2629 lutis
800 2582 862 2647 per
877 2559 1042 2629 dominum
1052 2564 1177 2630 Ducem

67 2663 262 2735 veneciarum
282 2676 314 2736 et
341 2669 411 2736 eius
436 2667 613 2736 Consilium
639 2674 706 2736 tum
730 2671 834 2753 Vegle
851 2691 948 2755 quam
965 2670 1072 2738 Castri
1090 2671 1175 2738 ldus·

67 2773 112 2860 sci,
130 2782 160 2842 et
174 2779 281 2844 eciam
308 2777 411 2844 salvis
442 2777 622 2846 bonoribus
647 2785 680 2845 et
694 2777 879 2846 nacionibus
895 2777 1038 2846 eiusdem
1057 2777 1177 2845 domini

68 2877 157 2952 Ducis.
173 2885 214 2951 lut
239 2887 270 2953 si
287 2884 407 2967 aliquis
425 2895 575 2954 nostrum
592 2891 642 2953 est
657 2886 690 2952 in
708 2886 1040 2972 aliquacommilitatc
1056 2890 1089 2951 et
1105 2904 1179 2952 con·

69 2987 224 3073 spiratione
251 2995 305 3060 vel
323 2993 433 3076 aliquo
465 2994 690 3061 ordinamento
722 2993 767 3061 ad
792 2993 1011 3062 adiuvandum
1036 2991 1178 3077 aliquem

69 3097 109 3160 rel
129 3101 317 3185 nocendum,
345 3103 392 3167 ita
407 3099 493 3185 quod
520 3099 702 3171 reddundet
725 3103 768 3169 ad
800 3101 1025 3170 detrimentum
1051 3107 1083 3169 et
1114 3120 1178 3166 ma-

70 3201 226 3294 lunaique
251 3209 463 3295 gravedinem
479 3208 583 3295 ipsius
599 3210 716 3296 insule,
742 3218 776 3278 et
804 3217 947 3279 nostrum
978 3231 1044 3277 non
1074 3215 1178 3276 atten-

9 3359 11 3384 0
69 3306 122 3398 det,
144 3323 174 3384 et
201 3327 269 3386 tam
286 3319 314 3385 si
339 3326 389 3386 est
404 3320 438 3386 in
455 3319 607 3405 predictis
633 3319 781 3388 omnibus
797 3341 892 3404 quam
910 3340 983 3406 non,
1010 3318 1127 3386 amodo
1141 3318 1176 3383 in

9 3387 13 3498 ἶ
69 3417 133 3502 ipsis
153 3445 213 3492 non
238 3429 311 3494 erit
341 3426 375 3492 Si
406 3447 483 3494 vero
501 3428 614 3512 aliqua
630 3429 851 3498 controversia
865 3428 934 3496 sive
950 3428 1079 3513 questio
1093 3427 1178 3493 inter
1203 3421 1208 3428 ’
1294 3463 1295 3466 =

9 3515 12 3590 Ξ
69 3535 116 3595 nos
138 3539 205 3599 orta
219 3532 318 3602 fuerit
342 3540 410 3600 tam
435 3534 469 3600 in
499 3533 648 3602 faciendo
675 3554 790 3623 paoem
822 3543 854 3604 et
884 3556 1045 3622 guerram,
1078 3555 1176 3618 qnam

9 3725 11 3732 Ι
70 3633 252 3712 infaciendis
269 3645 386 3711 bannis
401 3664 503 3729 supra
518 3649 637 3711 terram
654 3644 789 3713 alterius
800 3651 832 3711 et
846 3645 880 3711 in
890 3643 1057 3712 mutandis
1066 3645 1178 3710 usibus

70 3743 153 3832 ipsius
166 3756 256 3830 terre,
267 3753 358 3819 salvo
373 3751 469 3818 modo
486 3758 519 3818 et
534 3751 647 3818 ordine
674 3770 828 3838 expresso
853 3753 887 3818 in
911 3758 1023 3819 nostra
1048 3770 1178 3817 conces·

9 3809 13 3928 i
71 3851 154 3945 sione,
177 3859 261 3926 illam
287 3858 499 3946 sentenciam,
526 3879 623 3942 quarn
640 3856 851 3927 Martinucius
866 3857 969 3925 frater
984 3855 1049 3924 mei
1065 3877 1177 3944 supra-

9 3947 13 4028 l
72 3963 165 4048 scripti
188 3965 319 4033 Comitia
336 3965 493 4033 Jobannis
524 3965 636 4033 tulerit
659 3986 761 4052 supra
786 3964 961 4053 premissis,
988 3966 1113 4031 firmam
1145 3971 1177 4030 et

9 4065 11 4138 ἓ
71 4073 379 4160 ratambabebimus3
393 4081 427 4139 et
442 4074 470 4141 si
494 4072 581 4138 idem
605 4072 817 4141 Martinocius
836 4092 874 4140 ss
889 4073 1104 4140 intromittere
1119 4093 1175 4139 no·

9 4176 12 4246 l
74 4175 153 4246 luerit
167 4200 261 4269 super
275 4182 450 4270 premissis,
469 4187 501 4248 et
516 4179 544 4247 si
560 4201 597 4248 se
613 4181 820 4247 intromiserit
835 4187 867 4246 et
878 4199 949 4247 eum
960 4180 1040 4246 mori
1052 4179 1176 4247 contin·

9 4285 149 4368 gerit,
163 4289 257 4356 alium
275 4291 360 4356 infra
378 4310 475 4357 unum
487 4308 631 4355 mensem
648 4289 682 4354 in
698 4288 813 4355 loco'
786 4308 855 4356 erus
866 4287 986 4371 eligere
997 4285 1172 4354 debeamus

9 4395 11 4486 ξ
77 4407 166 4463 onnes
195 4399 371 4470 comuniter
407 4397 581 4464 concordes
597 4417 700 4481 usque
723 4395 766 4468 ad
791 4395 960 4463 terminum
979 4395 1169 4481 predictum.

9 4497 12 4588 l
74 4495 128 4568 Hec
155 4515 255 4576 autem
287 4511 396 4576 omnia
427 4507 654 4594 suprascripta
679 4507 859 4574 iuramento
891 4507 1019 4572 firmata
1033 4503 1128 4572 modo
1145 4511 1177 4570 et

9 4679 17 4908 ἱ

9 4919 56 5074 r
