<?xml version="1.0" encoding="UTF-8"?>
<!DOCTYPE html PUBLIC "-//W3C//DTD XHTML 1.0 Transitional//EN"
    "http://www.w3.org/TR/xhtml1/DTD/xhtml1-transitional.dtd">
<html xmlns="http://www.w3.org/1999/xhtml" xml:lang="en" lang="en">
 <head>
  <title>
</title>
<meta http-equiv="Content-Type" content="text/html;charset=utf-8" />
  <meta name='ocr-system' content='tesseract 3.04.00' />
  <meta name='ocr-capabilities' content='ocr_page ocr_carea ocr_par ocr_line ocrx_word'/>
</head>
<body>
  <div class='ocr_page' id='page_1' title='image "./codexdiplomatic01wenzgoog_0531.png"; bbox 0 0 3184 5186; ppageno 0'>
   <div class='ocr_carea' id='block_1_1' title="bbox 106 1238 1240 1439">
    <p class='ocr_par' dir='ltr' id='par_1_1' title="bbox 106 1238 1240 1439">
     <span class='ocr_line' id='line_1_1' title="bbox 106 1238 1240 1333; baseline 0.007 -31"><span class='ocrx_word' id='word_1_1' title='bbox 106 1238 139 1302; x_wconf 80' lang='lat' dir='ltr'><strong><em>A</em></strong></span> <span class='ocrx_word' id='word_1_2' title='bbox 157 1243 306 1308; x_wconf 58' lang='lat' dir='ltr'><strong>emnem·</strong></span> <span class='ocrx_word' id='word_1_3' title='bbox 321 1244 541 1329; x_wconf 57' lang='lat' dir='ltr'><strong>mesenate</strong></span> <span class='ocrx_word' id='word_1_4' title='bbox 565 1245 664 1330; x_wconf 72' lang='lat' dir='ltr'><strong>Veqlo</strong></span> <span class='ocrx_word' id='word_1_5' title='bbox 679 1247 804 1331; x_wconf 72' lang='lat' dir='ltr'><strong>scipete‘t</strong></span> <span class='ocrx_word' id='word_1_6' title='bbox 820 1249 976 1333; x_wconf 73' lang='lat' dir='ltr'><strong>tdrpyozd</strong></span> <span class='ocrx_word' id='word_1_7' title='bbox 991 1246 1240 1332; x_wconf 74' lang='lat' dir='ltr'><strong>adomueyoeesi</strong></span> 
     </span>
     <span class='ocr_line' id='line_1_2' title="bbox 154 1347 1192 1439; baseline 0.004 -25"><span class='ocrx_word' id='word_1_8' title='bbox 154 1351 315 1436; x_wconf 77' lang='lat' dir='ltr'><strong>oltmdapu</strong></span> <span class='ocrx_word' id='word_1_9' title='bbox 331 1373 371 1415; x_wconf 81' lang='lat' dir='ltr'><strong>aa</strong></span> <span class='ocrx_word' id='word_1_10' title='bbox 386 1355 491 1417; x_wconf 75' lang='lat' dir='ltr'><strong>otturd</strong></span> <span class='ocrx_word' id='word_1_11' title='bbox 506 1351 623 1438; x_wconf 75' lang='lat' dir='ltr'><strong>prdfolt</strong></span> <span class='ocrx_word' id='word_1_12' title='bbox 639 1347 901 1439; x_wconf 76' lang='lat' dir='ltr'><strong>(Frunpcpdaok)</strong></span> <span class='ocrx_word' id='word_1_13' title='bbox 919 1357 1076 1420; x_wconf 79' lang='lat' dir='ltr'><strong>aedmdru.</strong></span> <span class='ocrx_word' id='word_1_14' title='bbox 1096 1355 1192 1422; x_wconf 83' lang='lat'><strong>1260.</strong></span> 
     </span>
    </p>
   </div>
   <div class='ocr_carea' id='block_1_2' title="bbox 4 1542 1232 4770">
    <p class='ocr_par' dir='ltr' id='par_1_2' title="bbox 4 1542 1232 4770">
     <span class='ocr_line' id='line_1_3' title="bbox 214 1542 1229 1634; baseline 0.002 -22"><span class='ocrx_word' id='word_1_15' title='bbox 214 1542 370 1630; x_wconf 75' lang='lat' dir='ltr'><strong>llCCIX,</strong></span> <span class='ocrx_word' id='word_1_16' title='bbox 398 1545 576 1615; x_wconf 86' lang='lat' dir='ltr'><strong>indictione</strong></span> <span class='ocrx_word' id='word_1_17' title='bbox 601 1543 659 1634; x_wconf 90' lang='lat' dir='ltr'>III,</span> <span class='ocrx_word' id='word_1_18' title='bbox 687 1545 739 1614; x_wconf 91' lang='lat' dir='ltr'><strong>die</strong></span> <span class='ocrx_word' id='word_1_19' title='bbox 764 1567 849 1614; x_wconf 91' lang='lat' dir='ltr'><strong>nono</strong></span> <span class='ocrx_word' id='word_1_20' title='bbox 877 1549 1019 1614; x_wconf 79' lang='lat' dir='ltr'><strong>intrante</strong></span> <span class='ocrx_word' id='word_1_21' title='bbox 1053 1547 1169 1632; x_wconf 81' lang='lat' dir='ltr'><strong>Aprili,</strong></span> <span class='ocrx_word' id='word_1_22' title='bbox 1194 1550 1229 1616; x_wconf 92' lang='lat' dir='ltr'><strong>in</strong></span> 
     </span>
     <span class='ocr_line' id='line_1_4' title="bbox 104 1650 1232 1751; baseline 0.005 -34"><span class='ocrx_word' id='word_1_23' title='bbox 104 1650 222 1719; x_wconf 84' lang='lat' dir='ltr'><strong>blaiori</strong></span> <span class='ocrx_word' id='word_1_24' title='bbox 238 1653 388 1737; x_wconf 87' lang='lat' dir='ltr'><strong>Consilio,</strong></span> <span class='ocrx_word' id='word_1_25' title='bbox 406 1654 468 1720; x_wconf 89' lang='lat' dir='ltr'><strong>stb.</strong></span> <span class='ocrx_word' id='word_1_26' title='bbox 485 1655 592 1740; x_wconf 86' lang='lat' dir='ltr'><strong>Capta</strong></span> <span class='ocrx_word' id='word_1_27' title='bbox 606 1653 668 1720; x_wconf 85' lang='lat' dir='ltr'><strong>fuit</strong></span> <span class='ocrx_word' id='word_1_28' title='bbox 683 1675 760 1739; x_wconf 89' lang='lat' dir='ltr'><strong>pars</strong></span> <span class='ocrx_word' id='word_1_29' title='bbox 770 1654 803 1720; x_wconf 92' lang='lat' dir='ltr'><strong>in</strong></span> <span class='ocrx_word' id='word_1_30' title='bbox 814 1654 930 1722; x_wconf 90' lang='lat' dir='ltr'><strong>Maiori</strong></span> <span class='ocrx_word' id='word_1_31' title='bbox 940 1654 1093 1751; x_wconf 81' lang='lat' dir='ltr'><strong>Consilio,</strong></span> <span class='ocrx_word' id='word_1_32' title='bbox 1105 1657 1232 1724; x_wconf 88' lang='lat' dir='ltr'><strong>etordi·</strong></span> 
     </span>
     <span class='ocr_line' id='line_1_5' title="bbox 103 1759 1231 1846; baseline 0.005 -22"><span class='ocrx_word' id='word_1_33' title='bbox 103 1765 228 1846; x_wconf 84' lang='lat' dir='ltr'><strong>natum,</strong></span> <span class='ocrx_word' id='word_1_34' title='bbox 256 1761 342 1844; x_wconf 86' lang='lat' dir='ltr'><strong>quod</strong></span> <span class='ocrx_word' id='word_1_35' title='bbox 367 1761 543 1830; x_wconf 89' lang='lat' dir='ltr'><strong>Comitatus</strong></span> <span class='ocrx_word' id='word_1_36' title='bbox 568 1762 670 1846; x_wconf 81' lang='lat' dir='ltr'><strong>Vegle</strong></span> <span class='ocrx_word' id='word_1_37' title='bbox 695 1759 765 1828; x_wconf 84' lang='lat' dir='ltr'><strong>dari</strong></span> <span class='ocrx_word' id='word_1_38' title='bbox 793 1762 909 1828; x_wconf 90' lang='lat' dir='ltr'><strong>debeat</strong></span> <span class='ocrx_word' id='word_1_39' title='bbox 934 1769 966 1829; x_wconf 90' lang='lat' dir='ltr'><strong>et</strong></span> <span class='ocrx_word' id='word_1_40' title='bbox 991 1762 1126 1829; x_wconf 89' lang='lat' dir='ltr'><strong>concedi</strong></span> <span class='ocrx_word' id='word_1_41' title='bbox 1142 1764 1231 1830; x_wconf 91' lang='lat' dir='ltr'><strong>nobi-</strong></span> 
     </span>
     <span class='ocr_line' id='line_1_6' title="bbox 102 1867 1229 1958; baseline 0.004 -24"><span class='ocrx_word' id='word_1_42' title='bbox 102 1867 192 1936; x_wconf 91' lang='lat' dir='ltr'><strong>libus</strong></span> <span class='ocrx_word' id='word_1_43' title='bbox 208 1869 286 1936; x_wconf 88' lang='lat' dir='ltr'><strong>viris</strong></span> <span class='ocrx_word' id='word_1_44' title='bbox 302 1868 417 1936; x_wconf 89' lang='lat' dir='ltr'><strong>Comiti</strong></span> <span class='ocrx_word' id='word_1_45' title='bbox 433 1870 599 1939; x_wconf 87' lang='lat' dir='ltr'><strong>Schinelle</strong></span> <span class='ocrx_word' id='word_1_46' title='bbox 615 1879 647 1937; x_wconf 89' lang='lat' dir='ltr'><strong>et</strong></span> <span class='ocrx_word' id='word_1_47' title='bbox 662 1872 730 1938; x_wconf 88' lang='lat' dir='ltr'><strong>suis</strong></span> <span class='ocrx_word' id='word_1_48' title='bbox 745 1869 933 1958; x_wconf 87' lang='lat' dir='ltr'><strong>heredibus,</strong></span> <span class='ocrx_word' id='word_1_49' title='bbox 950 1879 982 1937; x_wconf 92' lang='lat' dir='ltr'><strong>et</strong></span> <span class='ocrx_word' id='word_1_50' title='bbox 998 1870 1073 1937; x_wconf 86' lang='lat' dir='ltr'><strong>filiis</strong></span> <span class='ocrx_word' id='word_1_51' title='bbox 1094 1867 1229 1939; x_wconf 81' lang='lat' dir='ltr'><strong>Comitis</strong></span> 
     </span>
     <span class='ocr_line' id='line_1_7' title="bbox 102 1974 1224 2067; baseline 0.003 -26"><span class='ocrx_word' id='word_1_52' title='bbox 102 1974 265 2044; x_wconf 83' lang='lat' dir='ltr'><strong>Gnidonis</strong></span> <span class='ocrx_word' id='word_1_53' title='bbox 281 1985 313 2044; x_wconf 90' lang='lat' dir='ltr'><strong>et</strong></span> <span class='ocrx_word' id='word_1_54' title='bbox 329 1997 436 2044; x_wconf 88' lang='lat' dir='ltr'><strong>eorum</strong></span> <span class='ocrx_word' id='word_1_55' title='bbox 454 1979 626 2046; x_wconf 89' lang='lat' dir='ltr'><strong>heredibus</strong></span> <span class='ocrx_word' id='word_1_56' title='bbox 650 1997 707 2065; x_wconf 91' lang='lat' dir='ltr'><strong>per</strong></span> <span class='ocrx_word' id='word_1_57' title='bbox 732 1977 936 2045; x_wconf 88' lang='lat' dir='ltr'><strong>medietatem</strong></span> <span class='ocrx_word' id='word_1_58' title='bbox 962 1979 995 2044; x_wconf 89' lang='lat' dir='ltr'><strong>in</strong></span> <span class='ocrx_word' id='word_1_59' title='bbox 1021 1984 1224 2067; x_wconf 87' lang='lat' dir='ltr'><strong>perpetuum,</strong></span> 
     </span>
     <span class='ocr_line' id='line_1_8' title="bbox 102 2084 1232 2171; baseline 0.001 -20"><span class='ocrx_word' id='word_1_60' title='bbox 102 2084 272 2171; x_wconf 83' lang='lat' dir='ltr'><strong>masculis,</strong></span> <span class='ocrx_word' id='word_1_61' title='bbox 289 2087 489 2154; x_wconf 85' lang='lat' dir='ltr'><strong>succedendo</strong></span> <span class='ocrx_word' id='word_1_62' title='bbox 508 2107 590 2154; x_wconf 87' lang='lat' dir='ltr'><strong>unus</strong></span> <span class='ocrx_word' id='word_1_63' title='bbox 615 2087 730 2171; x_wconf 87' lang='lat' dir='ltr'><strong>alteri;</strong></span> <span class='ocrx_word' id='word_1_64' title='bbox 765 2094 798 2154; x_wconf 91' lang='lat' dir='ltr'><strong>et</strong></span> <span class='ocrx_word' id='word_1_65' title='bbox 823 2086 1056 2156; x_wconf 75' lang='lat' dir='ltr'><strong>decedentibus</strong></span> <span class='ocrx_word' id='word_1_66' title='bbox 1084 2087 1232 2153; x_wconf 90' lang='lat' dir='ltr'><strong>omnibus</strong></span> 
     </span>
     <span class='ocr_line' id='line_1_9' title="bbox 102 2193 1231 2280; baseline 0.002 -22"><span class='ocrx_word' id='word_1_67' title='bbox 102 2193 161 2280; x_wconf 89' lang='lat' dir='ltr'><strong>ita,</strong></span> <span class='ocrx_word' id='word_1_68' title='bbox 188 2193 276 2275; x_wconf 88' lang='lat' dir='ltr'><strong>quod</strong></span> <span class='ocrx_word' id='word_1_69' title='bbox 300 2193 408 2261; x_wconf 88' lang='lat' dir='ltr'><strong>nullus</strong></span> <span class='ocrx_word' id='word_1_70' title='bbox 424 2196 589 2262; x_wconf 88' lang='lat' dir='ltr'><strong>masculus</strong></span> <span class='ocrx_word' id='word_1_71' title='bbox 609 2196 808 2280; x_wconf 78' lang='lat' dir='ltr'><strong>supervivat,</strong></span> <span class='ocrx_word' id='word_1_72' title='bbox 825 2194 910 2264; x_wconf 92' lang='lat' dir='ltr'><strong>idem</strong></span> <span class='ocrx_word' id='word_1_73' title='bbox 927 2194 1106 2262; x_wconf 88' lang='lat' dir='ltr'><strong>Comitatus</strong></span> <span class='ocrx_word' id='word_1_74' title='bbox 1123 2197 1156 2261; x_wconf 94' lang='lat' dir='ltr'><strong>in</strong></span> <span class='ocrx_word' id='word_1_75' title='bbox 1172 2194 1231 2260; x_wconf 87' lang='lat' dir='ltr'><strong>Co·</strong></span> 
     </span>
     <span class='ocr_line' id='line_1_10' title="bbox 102 2299 1229 2386; baseline -0.001 -20"><span class='ocrx_word' id='word_1_76' title='bbox 102 2320 204 2367; x_wconf 90' lang='lat' dir='ltr'><strong>mnne</strong></span> <span class='ocrx_word' id='word_1_77' title='bbox 219 2300 427 2367; x_wconf 77' lang='lat' dir='ltr'><strong>Venellorum</strong></span> <span class='ocrx_word' id='word_1_78' title='bbox 444 2300 563 2368; x_wconf 88' lang='lat' dir='ltr'><strong>debeat</strong></span> <span class='ocrx_word' id='word_1_79' title='bbox 580 2301 745 2368; x_wconf 84' lang='lat' dir='ltr'><strong>devenire.</strong></span> <span class='ocrx_word' id='word_1_80' title='bbox 767 2303 869 2380; x_wconf 83' lang='lat' dir='ltr'><strong>Quem</strong></span> <span class='ocrx_word' id='word_1_81' title='bbox 888 2299 1229 2386; x_wconf 87' lang='lat' dir='ltr'><strong>quidemComitatum</strong></span> 
     </span>
     <span class='ocr_line' id='line_1_11' title="bbox 100 2408 1231 2494; baseline -0.004 -18"><span class='ocrx_word' id='word_1_82' title='bbox 100 2415 216 2477; x_wconf 87' lang='lat' dir='ltr'><strong>tenere</strong></span> <span class='ocrx_word' id='word_1_83' title='bbox 233 2415 265 2473; x_wconf 90' lang='lat' dir='ltr'><strong>et</strong></span> <span class='ocrx_word' id='word_1_84' title='bbox 290 2429 404 2494; x_wconf 86' lang='lat' dir='ltr'><strong>regere</strong></span> <span class='ocrx_word' id='word_1_85' title='bbox 430 2408 572 2476; x_wconf 90' lang='lat' dir='ltr'><strong>debeant</strong></span> <span class='ocrx_word' id='word_1_86' title='bbox 596 2410 774 2476; x_wconf 80' lang='lat' dir='ltr'><strong>seeundum</strong></span> <span class='ocrx_word' id='word_1_87' title='bbox 792 2410 894 2477; x_wconf 88' lang='lat' dir='ltr'><strong>bonas</strong></span> <span class='ocrx_word' id='word_1_88' title='bbox 920 2415 953 2477; x_wconf 89' lang='lat' dir='ltr'><strong>et</strong></span> <span class='ocrx_word' id='word_1_89' title='bbox 977 2410 1131 2494; x_wconf 85' lang='lat' dir='ltr'><strong>antiquas</strong></span> <span class='ocrx_word' id='word_1_90' title='bbox 1156 2427 1231 2475; x_wconf 86' lang='lat' dir='ltr'><strong>con-</strong></span> 
     </span>
     <span class='ocr_line' id='line_1_12' title="bbox 99 2515 1231 2602; baseline 0 -21"><span class='ocrx_word' id='word_1_91' title='bbox 99 2515 291 2584; x_wconf 88' lang='lat' dir='ltr'><strong>suetudines</strong></span> <span class='ocrx_word' id='word_1_92' title='bbox 327 2518 386 2584; x_wconf 88' lang='lat' dir='ltr'><strong>tali</strong></span> <span class='ocrx_word' id='word_1_93' title='bbox 412 2517 596 2585; x_wconf 91' lang='lat' dir='ltr'><strong>conditione</strong></span> <span class='ocrx_word' id='word_1_94' title='bbox 622 2526 653 2584; x_wconf 92' lang='lat' dir='ltr'><strong>et</strong></span> <span class='ocrx_word' id='word_1_95' title='bbox 678 2516 815 2584; x_wconf 85' lang='lat' dir='ltr'><strong>ordine:</strong></span> <span class='ocrx_word' id='word_1_96' title='bbox 844 2515 930 2602; x_wconf 89' lang='lat' dir='ltr'><strong>quud</strong></span> <span class='ocrx_word' id='word_1_97' title='bbox 955 2517 1063 2584; x_wconf 89' lang='lat' dir='ltr'><strong>iurare</strong></span> <span class='ocrx_word' id='word_1_98' title='bbox 1088 2515 1231 2583; x_wconf 86' lang='lat' dir='ltr'><strong>debeant</strong></span> 
     </span>
     <span class='ocr_line' id='line_1_13' title="bbox 99 2623 1229 2694; baseline -0.002 -3"><span class='ocrx_word' id='word_1_99' title='bbox 99 2623 291 2691; x_wconf 88' lang='lat' dir='ltr'><strong>fidelitatem</strong></span> <span class='ocrx_word' id='word_1_100' title='bbox 325 2624 453 2692; x_wconf 89' lang='lat' dir='ltr'><strong>domino</strong></span> <span class='ocrx_word' id='word_1_101' title='bbox 487 2627 569 2694; x_wconf 85' lang='lat' dir='ltr'><strong>Duei</strong></span> <span class='ocrx_word' id='word_1_102' title='bbox 587 2631 621 2692; x_wconf 88' lang='lat' dir='ltr'><strong>et</strong></span> <span class='ocrx_word' id='word_1_103' title='bbox 647 2626 812 2692; x_wconf 84' lang='lat' dir='ltr'><strong>Communi</strong></span> <span class='ocrx_word' id='word_1_104' title='bbox 847 2623 1050 2692; x_wconf 81' lang='lat' dir='ltr'><strong>venetiarum</strong></span> <span class='ocrx_word' id='word_1_105' title='bbox 1083 2645 1155 2690; x_wconf 90' lang='lat' dir='ltr'><strong>cum</strong></span> <span class='ocrx_word' id='word_1_106' title='bbox 1171 2625 1229 2690; x_wconf 88' lang='lat' dir='ltr'><strong>illa</strong></span> 
     </span>
     <span class='ocr_line' id='line_1_14' title="bbox 100 2731 1229 2820; baseline 0.002 -22"><span class='ocrx_word' id='word_1_107' title='bbox 100 2732 303 2820; x_wconf 88' lang='lat' dir='ltr'><strong>revenentia,</strong></span> <span class='ocrx_word' id='word_1_108' title='bbox 330 2754 393 2818; x_wconf 90' lang='lat' dir='ltr'><strong>qua</strong></span> <span class='ocrx_word' id='word_1_109' title='bbox 419 2733 489 2801; x_wconf 89' lang='lat' dir='ltr'><strong>lieri</strong></span> <span class='ocrx_word' id='word_1_110' title='bbox 515 2732 688 2800; x_wconf 87' lang='lat' dir='ltr'><strong>videbitur.</strong></span> <span class='ocrx_word' id='word_1_111' title='bbox 716 2734 797 2800; x_wconf 91' lang='lat' dir='ltr'><strong>Item</strong></span> <span class='ocrx_word' id='word_1_112' title='bbox 823 2731 910 2818; x_wconf 93' lang='lat' dir='ltr'><strong>quod</strong></span> <span class='ocrx_word' id='word_1_113' title='bbox 935 2733 977 2799; x_wconf 83' lang='lat' dir='ltr'><strong>ad</strong></span> <span class='ocrx_word' id='word_1_114' title='bbox 1005 2752 1139 2817; x_wconf 83' lang='lat' dir='ltr'><strong>presens</strong></span> <span class='ocrx_word' id='word_1_115' title='bbox 1165 2740 1229 2800; x_wconf 90' lang='lat' dir='ltr'><strong>tres</strong></span> 
     </span>
     <span class='ocr_line' id='line_1_15' title="bbox 100 2839 1229 2926; baseline -0.001 -20"><span class='ocrx_word' id='word_1_116' title='bbox 100 2841 197 2923; x_wconf 78' lang='lat' dir='ltr'><strong>galee</strong></span> <span class='ocrx_word' id='word_1_117' title='bbox 223 2841 366 2909; x_wconf 85' lang='lat' dir='ltr'><strong>debeant</strong></span> <span class='ocrx_word' id='word_1_118' title='bbox 390 2860 518 2908; x_wconf 89' lang='lat' dir='ltr'><strong>armare</strong></span> <span class='ocrx_word' id='word_1_119' title='bbox 546 2843 637 2926; x_wconf 89' lang='lat' dir='ltr'><strong>bene,</strong></span> <span class='ocrx_word' id='word_1_120' title='bbox 654 2848 685 2908; x_wconf 91' lang='lat' dir='ltr'><strong>et</strong></span> <span class='ocrx_word' id='word_1_121' title='bbox 700 2840 862 2908; x_wconf 84' lang='lat' dir='ltr'><strong>soldizare</strong></span> <span class='ocrx_word' id='word_1_122' title='bbox 879 2861 937 2925; x_wconf 90' lang='lat' dir='ltr'><strong>per</strong></span> <span class='ocrx_word' id='word_1_123' title='bbox 953 2861 1012 2908; x_wconf 85' lang='lat' dir='ltr'><strong>sex</strong></span> <span class='ocrx_word' id='word_1_124' title='bbox 1027 2859 1155 2906; x_wconf 86' lang='lat' dir='ltr'><strong>menses</strong></span> <span class='ocrx_word' id='word_1_125' title='bbox 1186 2839 1229 2906; x_wconf 90' lang='lat' dir='ltr'><strong>ad</strong></span> 
     </span>
     <span class='ocr_line' id='line_1_16' title="bbox 101 2947 1230 3034; baseline -0.001 -21"><span class='ocrx_word' id='word_1_126' title='bbox 101 2947 294 3015; x_wconf 87' lang='lat' dir='ltr'><strong>mittendum</strong></span> <span class='ocrx_word' id='word_1_127' title='bbox 313 2969 368 3018; x_wconf 89' lang='lat' dir='ltr'><strong>eas</strong></span> <span class='ocrx_word' id='word_1_128' title='bbox 384 2949 418 3015; x_wconf 91' lang='lat' dir='ltr'><strong>in</strong></span> <span class='ocrx_word' id='word_1_129' title='bbox 435 2949 571 3016; x_wconf 90' lang='lat' dir='ltr'><strong>servitio</strong></span> <span class='ocrx_word' id='word_1_130' title='bbox 589 2947 775 3016; x_wconf 91' lang='lat' dir='ltr'><strong>Communis</strong></span> <span class='ocrx_word' id='word_1_131' title='bbox 802 2969 912 3015; x_wconf 90' lang='lat' dir='ltr'><strong>eorum</strong></span> <span class='ocrx_word' id='word_1_132' title='bbox 946 2949 1111 3034; x_wconf 85' lang='lat' dir='ltr'><strong>expensis,</strong></span> <span class='ocrx_word' id='word_1_133' title='bbox 1146 2947 1230 3013; x_wconf 90' lang='lat' dir='ltr'><strong>sicut</strong></span> 
     </span>
     <span class='ocr_line' id='line_1_17' title="bbox 99 3052 1224 3142; baseline -0.001 -22"><span class='ocrx_word' id='word_1_134' title='bbox 99 3054 232 3124; x_wconf 90' lang='lat' dir='ltr'><strong>domino</strong></span> <span class='ocrx_word' id='word_1_135' title='bbox 263 3056 346 3124; x_wconf 90' lang='lat' dir='ltr'><strong>Duci</strong></span> <span class='ocrx_word' id='word_1_136' title='bbox 364 3062 395 3124; x_wconf 86' lang='lat' dir='ltr'><strong>et</strong></span> <span class='ocrx_word' id='word_1_137' title='bbox 411 3056 553 3124; x_wconf 90' lang='lat' dir='ltr'><strong>Consilio</strong></span> <span class='ocrx_word' id='word_1_138' title='bbox 569 3057 740 3142; x_wconf 83' lang='lat' dir='ltr'><strong>placuerit.</strong></span> <span class='ocrx_word' id='word_1_139' title='bbox 772 3057 813 3122; x_wconf 82' lang='lat' dir='ltr'><strong>Et</strong></span> <span class='ocrx_word' id='word_1_140' title='bbox 827 3056 856 3123; x_wconf 92' lang='lat' dir='ltr'><strong>si</strong></span> <span class='ocrx_word' id='word_1_141' title='bbox 872 3056 979 3140; x_wconf 80' lang='lat' dir='ltr'><strong>galee,</strong></span> <span class='ocrx_word' id='word_1_142' title='bbox 994 3075 1059 3138; x_wconf 85' lang='lat' dir='ltr'><strong>que</strong></span> <span class='ocrx_word' id='word_1_143' title='bbox 1075 3052 1224 3119; x_wconf 87' lang='lat' dir='ltr'><strong>ordinate</strong></span> 
     </span>
     <span class='ocr_line' id='line_1_18' title="bbox 100 3164 1221 3252; baseline 0 -22"><span class='ocrx_word' id='word_1_144' title='bbox 100 3172 176 3231; x_wconf 87' lang='lat' dir='ltr'><strong>sunt</strong></span> <span class='ocrx_word' id='word_1_145' title='bbox 202 3164 295 3250; x_wconf 85' lang='lat' dir='ltr'><strong>mitti,</strong></span> <span class='ocrx_word' id='word_1_146' title='bbox 311 3183 376 3231; x_wconf 90' lang='lat' dir='ltr'><strong>non</strong></span> <span class='ocrx_word' id='word_1_147' title='bbox 389 3165 484 3252; x_wconf 85' lang='lat' dir='ltr'><strong>irent,</strong></span> <span class='ocrx_word' id='word_1_148' title='bbox 500 3165 628 3231; x_wconf 86' lang='lat' dir='ltr'><strong>solvant</strong></span> <span class='ocrx_word' id='word_1_149' title='bbox 644 3165 827 3251; x_wconf 84' lang='lat' dir='ltr'><strong>pecuniam,</strong></span> <span class='ocrx_word' id='word_1_150' title='bbox 845 3183 908 3246; x_wconf 89' lang='lat' dir='ltr'><strong>que</strong></span> <span class='ocrx_word' id='word_1_151' title='bbox 923 3171 1111 3230; x_wconf 80' lang='lat' dir='ltr'><strong>constarent</strong></span> <span class='ocrx_word' id='word_1_152' title='bbox 1126 3165 1221 3246; x_wconf 81' lang='lat' dir='ltr'><strong>galee</strong></span> 
     </span>
     <span class='ocr_line' id='line_1_19' title="bbox 97 3270 1224 3357; baseline 0 -20"><span class='ocrx_word' id='word_1_153' title='bbox 97 3271 254 3357; x_wconf 85' lang='lat' dir='ltr'><strong>prediola.</strong></span> <span class='ocrx_word' id='word_1_154' title='bbox 271 3272 352 3338; x_wconf 86' lang='lat' dir='ltr'><strong>Item</strong></span> <span class='ocrx_word' id='word_1_155' title='bbox 369 3270 454 3354; x_wconf 84' lang='lat' dir='ltr'><strong>quod</strong></span> <span class='ocrx_word' id='word_1_156' title='bbox 470 3277 643 3338; x_wconf 90' lang='lat' dir='ltr'><strong>teneantur</strong></span> <span class='ocrx_word' id='word_1_157' title='bbox 674 3293 731 3357; x_wconf 93' lang='lat' dir='ltr'><strong>per</strong></span> <span class='ocrx_word' id='word_1_158' title='bbox 763 3271 873 3339; x_wconf 89' lang='lat' dir='ltr'><strong>futura</strong></span> <span class='ocrx_word' id='word_1_159' title='bbox 903 3279 1051 3355; x_wconf 89' lang='lat' dir='ltr'><strong>tempora</strong></span> <span class='ocrx_word' id='word_1_160' title='bbox 1083 3271 1162 3337; x_wconf 88' lang='lat' dir='ltr'><strong>dare</strong></span> <span class='ocrx_word' id='word_1_161' title='bbox 1192 3278 1224 3338; x_wconf 88' lang='lat' dir='ltr'><strong>et</strong></span> 
     </span>
     <span class='ocr_line' id='line_1_20' title="bbox 98 3379 1225 3465; baseline -0.002 -18"><span class='ocrx_word' id='word_1_162' title='bbox 98 3399 230 3447; x_wconf 82' lang='lat' dir='ltr'><strong>armare</strong></span> <span class='ocrx_word' id='word_1_163' title='bbox 241 3379 282 3447; x_wconf 92' lang='lat' dir='ltr'><strong>de</strong></span> <span class='ocrx_word' id='word_1_164' title='bbox 291 3380 426 3464; x_wconf 81' lang='lat' dir='ltr'><strong>triginta</strong></span> <span class='ocrx_word' id='word_1_165' title='bbox 442 3379 548 3464; x_wconf 81' lang='lat' dir='ltr'><strong>galeis</strong></span> <span class='ocrx_word' id='word_1_166' title='bbox 559 3400 667 3465; x_wconf 84' lang='lat' dir='ltr'><strong>unam,</strong></span> <span class='ocrx_word' id='word_1_167' title='bbox 679 3379 808 3463; x_wconf 88' lang='lat' dir='ltr'><strong>quando</strong></span> <span class='ocrx_word' id='word_1_168' title='bbox 826 3380 1000 3446; x_wconf 77' lang='lat' dir='ltr'><strong>Commune</strong></span> <span class='ocrx_word' id='word_1_169' title='bbox 1020 3379 1225 3446; x_wconf 83' lang='lat' dir='ltr'><strong>Venetiarum</strong></span> 
     </span>
     <span class='ocr_line' id='line_1_21' title="bbox 98 3485 1226 3575; baseline 0.002 -23"><span class='ocrx_word' id='word_1_170' title='bbox 98 3488 242 3554; x_wconf 86' lang='lat' dir='ltr'><strong>armabit</strong></span> <span class='ocrx_word' id='word_1_171' title='bbox 272 3487 405 3574; x_wconf 75' lang='lat' dir='ltr'><strong>triginta</strong></span> <span class='ocrx_word' id='word_1_172' title='bbox 435 3489 489 3554; x_wconf 89' lang='lat' dir='ltr'><strong>vel</strong></span> <span class='ocrx_word' id='word_1_173' title='bbox 505 3509 526 3554; x_wconf 89' lang='lat' dir='ltr'><strong>a</strong></span> <span class='ocrx_word' id='word_1_174' title='bbox 541 3487 637 3554; x_wconf 85' lang='lat' dir='ltr'><strong>XXX</strong></span> <span class='ocrx_word' id='word_1_175' title='bbox 664 3507 773 3575; x_wconf 87' lang='lat' dir='ltr'><strong>supra.</strong></span> <span class='ocrx_word' id='word_1_176' title='bbox 788 3487 830 3554; x_wconf 83' lang='lat' dir='ltr'><strong>Et</strong></span> <span class='ocrx_word' id='word_1_177' title='bbox 845 3487 875 3554; x_wconf 96' lang='lat' dir='ltr'><strong>si</strong></span> <span class='ocrx_word' id='word_1_178' title='bbox 890 3485 1080 3570; x_wconf 85' lang='lat' dir='ltr'><strong>Magnitudo</strong></span> <span class='ocrx_word' id='word_1_179' title='bbox 1095 3487 1226 3554; x_wconf 87' lang='lat' dir='ltr'><strong>Veneti·</strong></span> 
     </span>
     <span class='ocr_line' id='line_1_22' title="bbox 98 3593 1223 3681; baseline 0.001 -21"><span class='ocrx_word' id='word_1_180' title='bbox 98 3616 190 3662; x_wconf 89' lang='lat' dir='ltr'><strong>arum</strong></span> <span class='ocrx_word' id='word_1_181' title='bbox 207 3595 267 3662; x_wconf 89' lang='lat' dir='ltr'><strong>ibit</strong></span> <span class='ocrx_word' id='word_1_182' title='bbox 281 3615 340 3679; x_wconf 89' lang='lat' dir='ltr'><strong>per</strong></span> <span class='ocrx_word' id='word_1_183' title='bbox 354 3595 574 3681; x_wconf 87' lang='lat' dir='ltr'><strong>partitionem,</strong></span> <span class='ocrx_word' id='word_1_184' title='bbox 591 3595 677 3679; x_wconf 92' lang='lat' dir='ltr'><strong>quod</strong></span> <span class='ocrx_word' id='word_1_185' title='bbox 705 3616 788 3662; x_wconf 90' lang='lat' dir='ltr'><strong>unus</strong></span> <span class='ocrx_word' id='word_1_186' title='bbox 820 3595 861 3662; x_wconf 88' lang='lat' dir='ltr'><strong>de</strong></span> <span class='ocrx_word' id='word_1_187' title='bbox 893 3594 997 3661; x_wconf 91' lang='lat' dir='ltr'><strong>Domo</strong></span> <span class='ocrx_word' id='word_1_188' title='bbox 1030 3593 1132 3680; x_wconf 85' lang='lat' dir='ltr'><strong>Vegle</strong></span> <span class='ocrx_word' id='word_1_189' title='bbox 1163 3595 1223 3662; x_wconf 86' lang='lat' dir='ltr'><strong>ibit</strong></span> 
     </span>
     <span class='ocr_line' id='line_1_23' title="bbox 98 3702 1224 3791; baseline -0.001 -20"><span class='ocrx_word' id='word_1_190' title='bbox 98 3704 313 3788; x_wconf 83' lang='lat' dir='ltr'><strong>personaliter</strong></span> <span class='ocrx_word' id='word_1_191' title='bbox 344 3708 376 3769; x_wconf 89' lang='lat' dir='ltr'><strong>et</strong></span> <span class='ocrx_word' id='word_1_192' title='bbox 405 3704 513 3786; x_wconf 87' lang='lat' dir='ltr'><strong>stabit,</strong></span> <span class='ocrx_word' id='word_1_193' title='bbox 545 3702 648 3770; x_wconf 88' lang='lat' dir='ltr'><strong>donee</strong></span> <span class='ocrx_word' id='word_1_194' title='bbox 678 3702 738 3769; x_wconf 86' lang='lat' dir='ltr'><strong>alii</strong></span> <span class='ocrx_word' id='word_1_195' title='bbox 769 3703 809 3770; x_wconf 93' lang='lat' dir='ltr'><strong>de</strong></span> <span class='ocrx_word' id='word_1_196' title='bbox 836 3702 978 3770; x_wconf 90' lang='lat' dir='ltr'><strong>Venetiis</strong></span> <span class='ocrx_word' id='word_1_197' title='bbox 995 3703 1138 3791; x_wconf 82' lang='lat' dir='ltr'><strong>stabunt,</strong></span> <span class='ocrx_word' id='word_1_198' title='bbox 1156 3702 1224 3771; x_wconf 89' lang='lat' dir='ltr'><strong>suis</strong></span> 
     </span>
     <span class='ocr_line' id='line_1_24' title="bbox 98 3808 1225 3896; baseline -0.001 -17"><span class='ocrx_word' id='word_1_199' title='bbox 98 3812 262 3896; x_wconf 86' lang='lat' dir='ltr'><strong>expensis.</strong></span> <span class='ocrx_word' id='word_1_200' title='bbox 278 3811 359 3878; x_wconf 90' lang='lat' dir='ltr'><strong>Item</strong></span> <span class='ocrx_word' id='word_1_201' title='bbox 376 3808 462 3894; x_wconf 89' lang='lat' dir='ltr'><strong>quod</strong></span> <span class='ocrx_word' id='word_1_202' title='bbox 478 3809 564 3878; x_wconf 85' lang='lat' dir='ltr'><strong>inira</strong></span> <span class='ocrx_word' id='word_1_203' title='bbox 579 3813 611 3878; x_wconf 94' lang='lat' dir='ltr'>X</span> <span class='ocrx_word' id='word_1_204' title='bbox 636 3832 740 3879; x_wconf 91' lang='lat' dir='ltr'><strong>annos</strong></span> <span class='ocrx_word' id='word_1_205' title='bbox 754 3811 919 3896; x_wconf 81' lang='lat' dir='ltr'><strong>proximos</strong></span> <span class='ocrx_word' id='word_1_206' title='bbox 951 3817 1104 3879; x_wconf 91' lang='lat' dir='ltr'><strong>venturos</strong></span> <span class='ocrx_word' id='word_1_207' title='bbox 1136 3820 1225 3879; x_wconf 89' lang='lat' dir='ltr'><strong>tene-</strong></span> 
     </span>
     <span class='ocr_line' id='line_1_25' title="bbox 97 3918 1224 4005; baseline -0.001 -19"><span class='ocrx_word' id='word_1_208' title='bbox 97 3927 196 3986; x_wconf 84' lang='lat' dir='ltr'><strong>antur</strong></span> <span class='ocrx_word' id='word_1_209' title='bbox 211 3920 274 4005; x_wconf 88' lang='lat' dir='ltr'><strong>ipsi</strong></span> <span class='ocrx_word' id='word_1_210' title='bbox 292 3918 432 3986; x_wconf 80' lang='lat' dir='ltr'><strong>Comites</strong></span> <span class='ocrx_word' id='word_1_211' title='bbox 448 3939 569 4003; x_wconf 89' lang='lat' dir='ltr'><strong>ponere</strong></span> <span class='ocrx_word' id='word_1_212' title='bbox 585 3924 618 3986; x_wconf 94' lang='lat' dir='ltr'><strong>in</strong></span> <span class='ocrx_word' id='word_1_213' title='bbox 634 3919 897 4005; x_wconf 89' lang='lat' dir='ltr'><strong>possessionibus</strong></span> <span class='ocrx_word' id='word_1_214' title='bbox 913 3918 947 3985; x_wconf 92' lang='lat' dir='ltr'><strong>in</strong></span> <span class='ocrx_word' id='word_1_215' title='bbox 961 3919 1106 3988; x_wconf 88' lang='lat' dir='ltr'><strong>Venetiis</strong></span> <span class='ocrx_word' id='word_1_216' title='bbox 1122 3918 1224 3986; x_wconf 88' lang='lat' dir='ltr'><strong>libras</strong></span> 
     </span>
     <span class='ocr_line' id='line_1_26' title="bbox 98 4026 1224 4114; baseline 0.002 -22"><span class='ocrx_word' id='word_1_217' title='bbox 98 4027 210 4094; x_wconf 92' lang='lat' dir='ltr'><strong>decem</strong></span> <span class='ocrx_word' id='word_1_218' title='bbox 223 4027 339 4114; x_wconf 81' lang='lat' dir='ltr'><strong>millia,</strong></span> <span class='ocrx_word' id='word_1_219' title='bbox 354 4026 507 4094; x_wconf 87' lang='lat' dir='ltr'><strong>videlieet</strong></span> <span class='ocrx_word' id='word_1_220' title='bbox 519 4028 621 4094; x_wconf 90' lang='lat' dir='ltr'><strong>libras</strong></span> <span class='ocrx_word' id='word_1_221' title='bbox 632 4027 775 4112; x_wconf 84' lang='lat' dir='ltr'><strong>quinque</strong></span> <span class='ocrx_word' id='word_1_222' title='bbox 786 4026 875 4093; x_wconf 90' lang='lat' dir='ltr'><strong>mille</strong></span> <span class='ocrx_word' id='word_1_223' title='bbox 885 4046 943 4111; x_wconf 91' lang='lat' dir='ltr'><strong>pro</strong></span> <span class='ocrx_word' id='word_1_224' title='bbox 953 4033 1056 4113; x_wconf 81' lang='lat' dir='ltr'><strong>parte,</strong></span> <span class='ocrx_word' id='word_1_225' title='bbox 1075 4029 1224 4112; x_wconf 92' lang='lat' dir='ltr'><strong>ponendo</strong></span> 
     </span>
     <span class='ocr_line' id='line_1_27' title="bbox 84 4133 1223 4222; baseline -0.001 -18"><span class='ocrx_word' id='word_1_226' title='bbox 84 4133 116 4204; x_wconf 69' lang='lat' dir='ltr'><strong>&#39;a</strong></span> <span class='ocrx_word' id='word_1_227' title='bbox 133 4140 272 4219; x_wconf 83' lang='lat' dir='ltr'><strong>quatuor</strong></span> <span class='ocrx_word' id='word_1_228' title='bbox 288 4135 384 4202; x_wconf 86' lang='lat' dir='ltr'><strong>annis</strong></span> <span class='ocrx_word' id='word_1_229' title='bbox 399 4135 557 4222; x_wconf 85' lang='lat' dir='ltr'><strong>proximis</strong></span> <span class='ocrx_word' id='word_1_230' title='bbox 572 4134 605 4200; x_wconf 93' lang='lat' dir='ltr'><strong>in</strong></span> <span class='ocrx_word' id='word_1_231' title='bbox 622 4141 721 4202; x_wconf 86' lang='lat' dir='ltr'><strong>antea</strong></span> <span class='ocrx_word' id='word_1_232' title='bbox 736 4135 822 4202; x_wconf 91' lang='lat' dir='ltr'><strong>omni</strong></span> <span class='ocrx_word' id='word_1_233' title='bbox 839 4155 925 4201; x_wconf 91' lang='lat' dir='ltr'><strong>anno</strong></span> <span class='ocrx_word' id='word_1_234' title='bbox 942 4137 975 4201; x_wconf 91' lang='lat' dir='ltr'><strong>in</strong></span> <span class='ocrx_word' id='word_1_235' title='bbox 1003 4135 1138 4220; x_wconf 82' lang='lat' dir='ltr'><strong>depasto</strong></span> <span class='ocrx_word' id='word_1_236' title='bbox 1163 4157 1223 4222; x_wconf 91' lang='lat' dir='ltr'><strong>per</strong></span> 
     </span>
     <span class='ocr_line' id='line_1_28' title="bbox 96 4241 1222 4327; baseline -0.001 -18"><span class='ocrx_word' id='word_1_237' title='bbox 96 4249 200 4309; x_wconf 90' lang='lat' dir='ltr'><strong>ratam</strong></span> <span class='ocrx_word' id='word_1_238' title='bbox 231 4249 355 4310; x_wconf 87' lang='lat' dir='ltr'><strong>tantum</strong></span> <span class='ocrx_word' id='word_1_239' title='bbox 383 4251 516 4327; x_wconf 87' lang='lat' dir='ltr'><strong>quatum</strong></span> <span class='ocrx_word' id='word_1_240' title='bbox 538 4241 709 4310; x_wconf 76' lang='lat' dir='ltr'><strong>advenerit</strong></span> <span class='ocrx_word' id='word_1_241' title='bbox 734 4241 776 4308; x_wconf 90' lang='lat' dir='ltr'><strong>ad</strong></span> <span class='ocrx_word' id='word_1_242' title='bbox 802 4241 960 4309; x_wconf 88' lang='lat' dir='ltr'><strong>rationem</strong></span> <span class='ocrx_word' id='word_1_243' title='bbox 986 4241 1165 4326; x_wconf 88' lang='lat' dir='ltr'><strong>predictam</strong></span> <span class='ocrx_word' id='word_1_244' title='bbox 1191 4245 1222 4308; x_wconf 92' lang='lat' dir='ltr'>X</span> 
     </span>
     <span class='ocr_line' id='line_1_29' title="bbox 95 4350 1222 4434; baseline 0.002 -18"><span class='ocrx_word' id='word_1_245' title='bbox 95 4352 235 4417; x_wconf 89' lang='lat' dir='ltr'><strong>millium</strong></span> <span class='ocrx_word' id='word_1_246' title='bbox 272 4352 440 4418; x_wconf 85' lang='lat' dir='ltr'><strong>librarum.</strong></span> <span class='ocrx_word' id='word_1_247' title='bbox 476 4354 557 4419; x_wconf 90' lang='lat' dir='ltr'><strong>Item</strong></span> <span class='ocrx_word' id='word_1_248' title='bbox 592 4351 732 4418; x_wconf 90' lang='lat' dir='ltr'><strong>debeant</strong></span> <span class='ocrx_word' id='word_1_249' title='bbox 756 4350 943 4434; x_wconf 88' lang='lat' dir='ltr'><strong>promittere</strong></span> <span class='ocrx_word' id='word_1_250' title='bbox 969 4355 1001 4416; x_wconf 87' lang='lat' dir='ltr'><strong>et</strong></span> <span class='ocrx_word' id='word_1_251' title='bbox 1027 4351 1135 4416; x_wconf 88' lang='lat' dir='ltr'><strong>iurare</strong></span> <span class='ocrx_word' id='word_1_252' title='bbox 1160 4350 1222 4434; x_wconf 91' lang='lat' dir='ltr'><strong>ipsi</strong></span> 
     </span>
     <span class='ocr_line' id='line_1_30' title="bbox 4 4453 1222 4545; baseline -0.001 -19"><span class='ocrx_word' id='word_1_253' title='bbox 4 4453 5 4458; x_wconf 64' lang='grc'>’</span> <span class='ocrx_word' id='word_1_254' title='bbox 96 4459 247 4545; x_wconf 87' lang='lat' dir='ltr'><strong>Comites,</strong></span> <span class='ocrx_word' id='word_1_255' title='bbox 268 4459 355 4544; x_wconf 88' lang='lat' dir='ltr'><strong>qnod</strong></span> <span class='ocrx_word' id='word_1_256' title='bbox 371 4461 638 4544; x_wconf 89' lang='lat' dir='ltr'><strong>quandocumque</strong></span> <span class='ocrx_word' id='word_1_257' title='bbox 653 4462 848 4528; x_wconf 81' lang='lat' dir='ltr'><strong>tormentum</strong></span> <span class='ocrx_word' id='word_1_258' title='bbox 866 4459 990 4526; x_wconf 89' lang='lat' dir='ltr'><strong>valebit</strong></span> <span class='ocrx_word' id='word_1_259' title='bbox 1015 4461 1049 4525; x_wconf 93' lang='lat' dir='ltr'><strong>in</strong></span> <span class='ocrx_word' id='word_1_260' title='bbox 1075 4459 1222 4525; x_wconf 87' lang='lat' dir='ltr'><strong>Venetiis</strong></span> 
     </span>
     <span class='ocr_line' id='line_1_31' title="bbox 94 4565 1216 4656; baseline -0.003 -22"><span class='ocrx_word' id='word_1_261' title='bbox 94 4569 241 4636; x_wconf 87' lang='lat' dir='ltr'><strong>aeolidis</strong></span> <span class='ocrx_word' id='word_1_262' title='bbox 257 4568 355 4635; x_wconf 89' lang='lat' dir='ltr'><strong>XXX</strong></span> <span class='ocrx_word' id='word_1_263' title='bbox 373 4569 531 4656; x_wconf 85' lang='lat' dir='ltr'><strong>superius,</strong></span> <span class='ocrx_word' id='word_1_264' title='bbox 549 4568 633 4653; x_wconf 88' lang='lat' dir='ltr'><strong>quod</strong></span> <span class='ocrx_word' id='word_1_265' title='bbox 651 4569 776 4635; x_wconf 88' lang='lat' dir='ltr'><strong>dabunt</strong></span> <span class='ocrx_word' id='word_1_266' title='bbox 792 4587 923 4652; x_wconf 90' lang='lat' dir='ltr'><strong>operam</strong></span> <span class='ocrx_word' id='word_1_267' title='bbox 939 4568 1025 4634; x_wconf 90' lang='lat' dir='ltr'><strong>bona</strong></span> <span class='ocrx_word' id='word_1_268' title='bbox 1041 4567 1114 4652; x_wconf 84' lang='lat' dir='ltr'><strong>lide,</strong></span> <span class='ocrx_word' id='word_1_269' title='bbox 1131 4565 1216 4648; x_wconf 86' lang='lat' dir='ltr'><strong>quod</strong></span> 
     </span>
     <span class='ocr_line' id='line_1_32' title="bbox 94 4673 1218 4770; baseline -0.003 -29"><span class='ocrx_word' id='word_1_270' title='bbox 94 4676 135 4743; x_wconf 89' lang='lat' dir='ltr'><strong>de</strong></span> <span class='ocrx_word' id='word_1_271' title='bbox 150 4678 299 4770; x_wconf 84' lang='lat' dir='ltr'><strong>partibus</strong></span> <span class='ocrx_word' id='word_1_272' title='bbox 316 4683 349 4744; x_wconf 88' lang='lat' dir='ltr'><strong>et</strong></span> <span class='ocrx_word' id='word_1_273' title='bbox 365 4677 457 4745; x_wconf 89' lang='lat' dir='ltr'><strong>terris</strong></span> <span class='ocrx_word' id='word_1_274' title='bbox 484 4695 591 4744; x_wconf 89' lang='lat' dir='ltr'><strong>eorum</strong></span> <span class='ocrx_word' id='word_1_275' title='bbox 609 4683 638 4742; x_wconf 90' lang='lat' dir='ltr'><strong>et</strong></span> <span class='ocrx_word' id='word_1_276' title='bbox 655 4675 731 4744; x_wconf 88' lang='lat' dir='ltr'><strong>aliis</strong></span> <span class='ocrx_word' id='word_1_277' title='bbox 752 4675 1035 4744; x_wconf 86' lang='lat' dir='ltr'><strong>circumstantibus</strong></span> <span class='ocrx_word' id='word_1_278' title='bbox 1052 4673 1085 4742; x_wconf 90' lang='lat' dir='ltr'><strong>in</strong></span> <span class='ocrx_word' id='word_1_279' title='bbox 1103 4673 1218 4744; x_wconf 88' lang='lat' dir='ltr'><strong>maiori</strong></span> 
     </span>
    </p>
   </div>
   <div class='ocr_carea' id='block_1_3' title="bbox 0 0 1596 5186">
    <p class='ocr_par' dir='ltr' id='par_1_3' title="bbox 0 0 1596 5186">
     <span class='ocr_line' id='line_1_33' title="bbox 0 0 1596 5186; baseline 0 4"><span class='ocrx_word' id='word_1_280' title='bbox 0 0 1596 5186; x_wconf 95' lang='lat' dir='ltr'><strong> </strong></span> 
     </span>
    </p>
   </div>
   <div class='ocr_carea' id='block_1_4' title="bbox 1501 4561 1588 4864">
    <p class='ocr_par' dir='ltr' id='par_1_4' title="bbox 1501 4513 1588 4864">
     <span class='ocr_line' id='line_1_34' title="bbox 1501 4561 1588 4864; baseline 0 -16"><span class='ocrx_word' id='word_1_281' title='bbox 1501 4561 1588 4864; x_wconf 83' lang='lat' dir='ltr'><strong>l</strong></span> 
     </span>
    </p>
   </div>
  </div>
 </body>
</html>
