3206 5184
845 299 1004 409 ..aa

362 503 488 590 partem
503 497 545 568 de
560 495 720 568 Prevlach
735 513 833 586 super
846 497 1005 586 ripamad
1014 515 1117 589 pupes
1132 497 1326 568 herciarum
1340 497 1482 588 ipsorum

363 610 594 694 nguseorum.
634 605 676 675 let
699 606 728 674 si
751 605 898 677 homines
913 607 1042 694 Spaleti
1056 607 1211 677 haberent
1230 608 1365 676 dubium
1381 606 1421 676 de
1437 627 1489 676 su·

363 715 547 803 prescripta
562 712 722 801 Signoria,
738 713 882 801 Rugusci
896 714 1016 784 debent
1032 716 1081 786 ire
1104 714 1149 782 ad
1178 715 1271 784 illum
1301 721 1426 804 partem
1441 711 1485 784 de

364 823 524 892 Preulaclr
549 841 646 910 snper
663 822 768 911 ripam
793 829 824 890 et
839 823 883 891 ad
897 843 1000 912 pupes
1017 824 1212 892 barcharum
1226 823 1382 912 ipsorum.
1397 823 1440 891 st
1455 822 1486 890 si

363 951 431 1020 pax
445 930 552 1020 luerit,
566 937 737 1013 auumque
752 929 925 1001 commune
942 931 986 999 ad
1002 932 1187 1001 seinvicem
1202 931 1376 1002 convenire
1393 927 1487 1000 debet

363 1043 397 1110 in
422 1039 528 1108 medio
552 1039 594 1107 de
617 1038 787 1124 Preulaeh,
811 1038 893 1108 sicut
916 1039 1037 1108 dictum
1062 1047 1112 1109 est
1135 1039 1296 1128 superius.
1329 1038 1486 1108 Preterea

366 1156 539 1233 utrumqne
553 1146 739 1228 Commune,
757 1154 824 1215 tam
840 1146 881 1216 de
897 1148 1030 1234 Spaleto
1055 1169 1152 1235 quam
1178 1146 1220 1217 de
1243 1145 1400 1234 Begusio,
1424 1165 1491 1213 non

368 1257 492 1324 dabunt
516 1253 664 1344 axilium,
689 1255 858 1324 eonsilium
876 1257 931 1324 uel
946 1255 1091 1326 favorem
1108 1255 1252 1343 aliquem
1268 1256 1303 1322 in
1317 1254 1419 1340 lignis
1435 1255 1487 1330 vel
1593 1237 1598 1306 l

364 1365 549 1434 homiuibus
567 1363 637 1433 suis
661 1364 863 1449 forbanditis‚
892 1365 946 1434 vel
972 1365 1090 1433 alienis
1113 1373 1173 1434 aut
1197 1363 1272 1433 aliis
1295 1363 1488 1436 malefacto·

364 1475 454 1542 ribus
464 1479 674 1557 utrarumque
684 1471 859 1542 civitatum
869 1473 922 1541 vel
932 1471 1312 1560 Comitatunmipsarnm.
1329 1473 1371 1540 Et
1380 1470 1413 1540 si
1426 1471 1492 1541 ior·

365 1581 492 1652 banditi
512 1582 564 1649 vel
579 1579 636 1648 alii
652 1580 880 1650 malefactores
896 1587 1130 1650 commorantes
1144 1583 1179 1649 in
1197 1581 1331 1668 Spaleto
1349 1579 1489 1650 fecerint

364 1688 482 1758 furtive
506 1695 741 1758 armamentum
766 1690 799 1757 in
822 1690 932 1777 aliquo
956 1691 1021 1759 alio
1047 1691 1119 1759 loco
1144 1710 1204 1777 pro
1219 1689 1352 1775 ingenio
1368 1687 1484 1772 aliquo
1596 1729 1598 1764 r

366 1803 399 1867 et
423 1796 539 1866 iverint
563 1816 660 1885 super
683 1799 863 1888 Ragnseos,
880 1805 912 1865 et
936 1798 1075 1884 probare
1098 1797 1216 1884 poterit
1229 1805 1262 1866 et
1286 1796 1491 1884 probaretur,
1597 1879 1598 1884 Ἰ

365 1905 621 1991 suprascriptum
632 1901 807 1975 Commune
816 1907 944 1991 Spalati
954 1904 1126 1976 emendare
1141 1911 1290 1976 teneatur
1305 1904 1486 1990 dampnum

368 2014 460 2101 illud,
483 2011 570 2099 quod
594 2013 730 2084 iecerint
755 2013 916 2101 Raguseis
941 2034 1011 2082 cum
1037 2014 1190 2102 expensis
1215 2012 1292 2081 inde
1316 2011 1414 2080 lactis
1438 2012 1494 2080 uel

366 2120 524 2190 iaciendis
550 2122 837 2210 convenientibus3
860 2125 893 2191 et
917 2121 946 2191 si
969 2123 1103 2210 probari
1128 2143 1193 2191 non
1216 2121 1343 2210 poterit,
1363 2119 1490 2188 dictum

368 2229 545 2300 Commune
561 2230 687 2317 Spoleti
702 2237 849 2299 teneatur
864 2251 922 2318 per
946 2236 1185 2300 accrementum
1208 2227 1373 2315 inquirere
1395 2227 1495 2296 malc-
1597 2241 1598 2270 ³

365 2339 472 2407 ficium
497 2343 529 2404 et
552 2337 787 2428 malefactores,
813 2345 845 2408 et
869 2339 898 2408 si
923 2337 1114 2425 inuenerint,
1142 2344 1291 2407 teneatur
1306 2355 1365 2425 per
1379 2355 1489 2405 sacra-

367 2449 508 2516 mentnm
524 2446 732 2515 emmendare
755 2446 838 2516 illud
862 2445 1037 2535 dempnum
1067 2447 1238 2535 Raguseie,
1264 2451 1297 2514 ct
1327 2461 1492 2532 expensae

367 2554 443 2624 inde
466 2553 572 2622 lactas
597 2555 651 2624 uel
667 2553 834 2625 iaciendas
859 2555 1155 2642 convenienientes,
1173 2555 1226 2624 rel
1242 2551 1494 2622 malefactorum

367 2663 446 2732 dare
462 2680 635 2749 personss3
652 2669 684 2731 et
698 2682 718 2731 c
733 2684 885 2734 conuerso
902 2665 1079 2733 Commune
1093 2662 1228 2748 Ragnsii
1244 2662 1354 2730 iacere
1379 2666 1494 2729 tenea-

366 2778 418 2840 tur
441 2771 491 2839 illi
506 2767 675 2840 Communi
690 2769 732 2838 de
747 2773 892 2858 Spalato.
908 2773 950 2839 st
964 2771 994 2842 si
1009 2772 1065 2859 qni
1080 2769 1234 2840 lorbaniti
1249 2770 1303 2839 uel
1317 2769 1377 2838 alii
1393 2771 1493 2838 male-

367 2879 507 2950 factores
523 2877 658 2948 iecerint
687 2901 815 2949 cursum
845 2901 942 2968 super
973 2881 1121 2949 homines
1151 2879 1286 2965 Ragusii
1310 2878 1365 2948 vel
1395 2899 1497 2965 super

368 2989 440 3058 eins
458 2985 667 3074 donicatum,
684 2995 715 3056 et
731 2988 798 3075 ipsi
813 2988 1040 3058 malefactores
1056 2988 1257 3075 portaverint
1272 2986 1327 3055 vel
1346 2985 1496 3056 miserint

367 3097 472 3182 ipsam
487 3095 650 3165 robariam
667 3095 845 3184 Spalatum,
862 3104 896 3167 et
924 3096 1070 3167 homines
1094 3095 1222 3184 Spaleti
1245 3093 1411 3177 sciuerint,
1437 3112 1496 3181 per

365 3208 604 3272 sacramentum
644 3202 782 3272 reddere
811 3208 982 3273 teneantur
1012 3203 1181 3273 Communi
1210 3201 1349 3288 chusii
1384 3201 1491 3288 ipsam

367 3309 548 3392 robariam;
571 3317 604 3379 et
618 3311 648 3380 si
664 3311 802 3380 reddere
831 3311 1079 3398 reonseaverint,
1097 3318 1129 3378 et
1159 3311 1336 3378 Commune
1351 3308 1489 3394 Ragnsii

365 3421 505 3503 probare
529 3418 647 3504 poterit
670 3419 850 3505 manifeste,
876 3419 963 3504 quod
978 3419 1043 3507 ipsi
1058 3416 1284 3486 malefactores
1299 3423 1487 3503 portassent

367 3524 420 3595 rel
436 3525 599 3594 misissent
625 3525 747 3594 dictam
765 3525 928 3594 roboriam
944 3523 988 3592 ad
1004 3532 1107 3593 terras
1122 3522 1257 3610 Spaleti‚
1279 3524 1366 3608 quod
1394 3521 1496 3591 homi·

369 3652 429 3700 nes
452 3631 577 3718 Spaleti
607 3631 811 3702 emmendare
837 3639 1010 3703 teneantur
1025 3633 1132 3718 ipsam
1146 3631 1311 3700 robariam
1326 3631 1488 3717 Raguseis

368 3758 441 3806 eum
451 3737 603 3825 expensis
623 3739 699 3808 inde
709 3739 805 3808 iactis
823 3748 855 3808 et
869 3739 1031 3811 faciendis
1041 3738 1380 3824 convenientibus‚uel
1395 3737 1496 3804 male

367 3843 525 3916 laetorum
541 3845 619 3914 dare
634 3867 802 3934 personas.
834 3849 877 3915 Et
891 3847 992 3916 simili
1017 3847 1113 3917 modo
1144 3845 1323 3915 Commune
1354 3844 1495 3931 Ragusii

366 3960 516 4024 teneatur
532 3953 640 4023 lacere
655 3954 705 4022 illi
721 3955 889 4027 Communi
905 3956 945 4024 de
960 3957 1105 4042 Spaleto.

476 4063 545 4130 Hoc
561 4069 669 4132 antem
685 4063 795 4132 omnia
811 4071 844 4132 et
859 4065 999 4151 singula,
1016 4070 1084 4134 tam
1109 4061 1308 4130 sentenciam
1335 4059 1495 4129 dictorum

366 4167 703 4256 Archiepiscoporum,
745 4192 843 4256 quam
884 4172 950 4238 alia
989 4170 1150 4256 ordinate,
1178 4187 1243 4255 que
1272 4167 1502 4256 suprascripta
1595 4169 1596 4174 ’

370 4282 456 4362 sunt,
471 4275 592 4363 prefati
608 4278 731 4346 nobiles
747 4279 855 4346 Micha
869 4277 972 4345 Medii
987 4284 1019 4346 et
1034 4278 1177 4347 lliehael
1195 4275 1369 4364 Leonardi,
1386 4273 1500 4344 nuncii
1593 4279 1595 4304 ²

371 4391 404 4452 ct
426 4383 568 4469 legitimi
597 4394 822 4470 procuratores
853 4386 1040 4456 Communis
1071 4385 1208 4475 Spaleti‚
1233 4404 1292 4473 pro
1318 4403 1355 4454 se
1381 4389 1416 4451 et
1438 4403 1501 4471 pro

371 4489 540 4563 Communi
556 4491 711 4582 ciusdem,
727 4499 763 4563 ut
777 4493 967 4582 dictumest,
990 4495 1024 4564 in
1048 4495 1160 4582 platea
1183 4493 1319 4580 Regusii
1346 4491 1501 4562 ordinata
1593 4483 1595 4541 l

368 4599 466 4670 (iuria
496 4622 569 4673 cum
598 4605 710 4675 sonitu
734 4625 895 4693 campane
910 4611 942 4675 et
957 4603 1075 4695 populo
1106 4604 1275 4690 chueino
1290 4621 1381 4674 more
1396 4599 1496 4671 solito
