3206 5184
851 331 1012 440 Q

474 533 543 602 Nos
559 527 687 618 quidem
704 527 849 620 ludices,
874 528 1040 600 Cosiliarii
1056 533 1089 598 at
1103 525 1257 598 uniuersa
1272 525 1494 597 Communitas

367 641 577 732 spalatensis
593 639 820 709 constituimus
836 645 869 708 et
885 638 1075 708 ordinamus
1091 637 1300 706 honorabiles
1322 644 1355 705 et
1370 638 1502 708 nobiles

367 757 497 820 nostros
513 746 663 816 concives
679 747 819 815 Micham
835 745 938 816 bladii
955 752 987 815 ot
1001 745 1217 815 Michahelem
1233 745 1399 816 Leonardi
1422 766 1500 815 nos·

371 867 457 931 stros
498 857 662 942 legitimos
701 860 942 943 procuratores,
982 861 1117 940 actores,
1155 854 1325 943 petitores,
1354 857 1498 924 nuncios

368 965 528 1056 speciales
544 971 575 1034 et
591 964 755 1050 legitimos
773 963 980 1049 responsales
995 962 1030 1028 in
1046 959 1188 1030 Ciuitate
1202 960 1383 1048 Ragnsiiin
1393 962 1501 1031 omni·

365 1076 427 1144 bns
442 1074 539 1144 lactis
558 1072 678 1142 nostris
693 1070 892 1159 specialibus
908 1077 942 1138 et
957 1069 1181 1156 generalibus,
1196 1090 1260 1156 qne
1275 1091 1347 1140 cum
1363 1070 1498 1140 Gemite

369 1189 401 1252 et
417 1179 561 1250 Giuitate
576 1181 712 1266 Ragusii
728 1181 835 1248 lacere
850 1185 884 1247 et
900 1198 1093 1264 componere
1119 1178 1287 1268 habemns,
1309 1177 1432 1248 dantes
1448 1179 1499 1249 eis

366 1292 499 1380 plenam
524 1290 676 1359 virtutem
699 1295 732 1356 et
758 1289 893 1355 liberam
919 1289 1114 1372 potestatem
1137 1285 1283 1374 petendi,
1309 1285 1496 1373 exercendi,

365 1395 559 1486 placitandi,
596 1393 819 1483 promittendi,
854 1392 1085 1479 promissiones
1119 1391 1272 1480 faciendi,
1310 1393 1494 1480 obligandi,

367 1505 595 1594 componendi,
608 1501 837 1590 concordandi,
852 1508 883 1569 et
899 1501 928 1569 si
944 1520 1078 1570 necesse
1093 1499 1190 1569 luerit
1209 1501 1352 1592 iurandi,
1367 1511 1496 1572 cartam

364 1612 548 1682 securitatis
579 1619 611 1680 et
640 1610 854 1697 quietacionis
885 1608 1038 1694 faciendi,
1062 1616 1095 1677 et
1118 1609 1228 1676 omnia
1258 1611 1433 1679 exercendi
1461 1619 1496 1680 et

367 1720 538 1808 operandi,
563 1739 626 1804 que
651 1719 721 1787 reri
737 1724 769 1786 et
785 1718 925 1806 legitimi
941 1723 1167 1805 procuratores
1183 1716 1293 1787 lacere
1308 1728 1444 1806 possunt
1460 1729 1496 1791 et

364 1829 501 1912 debent3
517 1827 740 1915 promittentes
756 1831 862 1895 ratum
878 1834 910 1895 et
934 1826 1057 1894 firmum
1081 1825 1201 1895 habere
1216 1831 1249 1893 et
1257 1831 1378 1915 terrem,
1406 1829 1494 1915 quic·

365 1935 445 2022 quid
469 1937 532 2024 ipsi
558 1934 592 2002 in
616 1934 815 2021 specialibus
840 1941 873 2002 et
898 1931 1105 2018 generalibus
1121 1930 1275 2001 duxerint
1293 1933 1492 2026 laciendum,

365 2052 399 2113 et
414 2065 578 2130 nunqnam
593 2043 821 2114 contravenire
836 2045 870 2111 in
886 2043 997 2127 aliquo
1012 2063 1085 2111 cum
1101 2045 1258 2111 bonorum
1280 2049 1391 2114 nostre
1407 2043 1493 2114 civi-

363 2155 441 2222 tatis
474 2153 685 2241 obligacione.
715 2155 838 2221 Datum
869 2149 994 2239 Spaleti
1025 2151 1079 2219 die
1110 2150 1304 2220 duodecimo
1343 2151 1490 2222 intrante

364 2261 497 2347 Marcio,
521 2281 608 2329 anno
625 2261 796 2329 Dominiee
812 2259 1058 2328 lnoarnacionis
1073 2259 1245 2330 millesimo
1265 2260 1487 2329 ducentesimo

368 2368 574 2453 sexagesimo
600 2370 722 2454 quinto.
746 2368 788 2435 Et
812 2367 890 2453 quia
914 2365 1070 2436 Notarius
1084 2367 1236 2437 Publicus
1252 2365 1404 2436 Civitatis
1418 2387 1493 2455 pre·

364 2497 438 2546 sens
455 2477 490 2544 in
521 2475 663 2545 civitate
694 2496 759 2544 non
790 2481 871 2562 erat,
901 2481 1071 2562 presentes
1100 2475 1215 2544 literas
1245 2475 1349 2561 sigilli
1379 2483 1492 2547 nostre

364 2583 614 2654 communitatis
630 2582 806 2653 munimine
821 2582 956 2652 lecimus
967 2583 1167 2652 communiri.

470 2695 512 2761 Et
528 2693 589 2763 hec
605 2700 680 2763 sunt
696 2699 794 2781 pacta
810 2698 842 2761 et
858 2692 1095 2762 convenciones
1109 2695 1141 2758 et
1156 2711 1223 2778 pax
1239 2697 1337 2778 atque
1359 2711 1491 2764 concor·

364 2799 463 2891 dium,
495 2822 557 2888 qne
588 2821 647 2889 per
665 2799 904 2888 suprascriptos
925 2799 1059 2867 nuncios
1075 2798 1201 2886 Spoleti
1216 2817 1276 2886 per
1290 2801 1444 2871 virtutem
1459 2808 1491 2870 et

363 2914 558 2999 potestatem
589 2909 686 2977 huius
731 2908 953 2994 suprascripte
994 2926 1104 2975 eorum
1144 2906 1387 2994 procurationis
1417 2929 1489 2978 cum

365 3017 584 3105 suprascripto
614 3016 738 3084 Gemite
777 3014 914 3101 Ragnsii
952 3020 984 3083 et
1017 3015 1186 3083 Communi
1225 3012 1371 3085 eiusdem
1402 3015 1486 3084 all'rr·

363 3135 521 3198 manunt:

469 3239 508 3304 In
523 3235 637 3322 primis
647 3241 795 3304 currente
811 3253 898 3302 anno
913 3232 1044 3302 Domini
1060 3232 1236 3303 millesimo
1252 3233 1487 3306 decentessime

362 3346 585 3430 sexageseimo
596 3345 720 3431 quinto,
735 3343 789 3411 dia
799 3349 913 3429 quarto
923 3342 1063 3411 intrante
1073 3337 1426 3433 mensesupra'soripto,
1436 3347 1489 3414 ho·

361 3453 501 3522 minibus
517 3451 652 3541 Spoleti,
677 3451 732 3537 qni
749 3451 837 3534 capti
852 3450 992 3533 inerant,
1007 3450 1109 3518 libere
1124 3470 1196 3518 cum
1212 3468 1324 3518 eornm
1338 3451 1485 3520 barensis

361 3560 516 3648 dimissis,
525 3567 695 3645 utrumque
706 3560 884 3626 Commune
892 3564 959 3626 tam
970 3555 1010 3626 da
1020 3557 1154 3645 Spaleto
1170 3577 1268 3642 qnam
1283 3557 1328 3627 de
1344 3559 1486 3644 Ragusio

361 3667 404 3734 ad
415 3669 553 3736 invicem
564 3689 600 3736 se
610 3667 784 3736 conuenire
795 3663 1121 3752 debeatinStagnum
1141 3667 1175 3733 in
1191 3663 1299 3734 medio
1322 3665 1405 3751 loco,
1433 3669 1488 3751 qui

362 3774 480 3844 dicitur
496 3776 663 3863 Prevlach,
680 3775 810 3844 amodo
827 3797 931 3862 usque
949 3775 992 3844 ad
1007 3777 1149 3845 medium
1165 3797 1309 3848 mensem
1336 3775 1487 3846 Octobris

362 3884 504 3974 proxime
514 3883 652 3968 venturi,
662 3892 695 3952 et
706 3905 763 3970 pro
773 3883 921 3970 qualibet
931 3890 1025 3972 parte
1036 3891 1100 3953 tres
1116 3883 1238 3953 indices
1254 3885 1421 3971 eligantur
1436 3884 1487 3956 rel

361 3995 473 4080 plures
489 3998 546 4061 aut
560 3993 731 4079 panciores
747 3993 924 4063 secundnm
944 3993 1031 4080 quod
1046 3993 1173 4079 utrique
1198 3993 1286 4080 parti
1310 3992 1485 4082 videbitur,

362 4101 418 4187 qui
432 4100 540 4170 iurare
555 4099 674 4169 debent
688 4098 827 4170 fideliter
842 4100 955 4169 audire
970 4101 1081 4170 omnia
1096 4101 1228 4188 placita,
1244 4101 1486 4194 contentiones,
1594 4113 1595 4118 ’

363 4211 547 4294 questiones
564 4216 661 4294 atque
676 4208 841 4278 discordia
855 4206 1014 4277 vertenda
1037 4209 1121 4276 inter
1144 4209 1291 4278 homines
1316 4210 1486 4295 utriusque

362 4317 556 4403 Communis,
566 4322 598 4384 el
608 4336 648 4386 ea
662 4337 780 4384 sanare
796 4321 828 4384 et
839 4313 983 4385 indicare
998 4322 1096 4402 atque
1111 4315 1263 4407 diffinire,
1279 4323 1314 4385 et
1326 4335 1390 4386 neo
1406 4317 1484 4386 ami-

361 4445 434 4493 cum
450 4425 560 4496 iuuare
578 4445 638 4493 nec
654 4424 783 4494 inimico
798 4444 915 4494 nocere
928 4444 988 4511 per
1003 4423 1159 4492 fraudem.
1176 4423 1218 4493 Et
1231 4425 1261 4492 si
1271 4424 1337 4511 ipsi
1352 4423 1484 4496 Judices

363 4532 455 4602 electi
479 4534 520 4602 de
544 4533 655 4619 aliquo
680 4531 802 4620 placito
827 4552 863 4602 se
887 4530 1085 4602 concordare
1108 4553 1175 4602 non
1199 4537 1342 4621 possent,
1366 4531 1484 4601 Arcbi-

363 4642 507 4728 episcopi
523 4643 689 4727 utriusque
706 4641 891 4712 Communis
907 4663 965 4730 pro
973 4641 1146 4713 lodicibus
1154 4641 1311 4712 demedio
1327 4640 1483 4714 interesse
