3116 5186
4 1121 6 1140 i

4 1155 6 1172 Ι

4 1217 6 1228 r

4 1244 6 1255 ι

4 1359 6 1370 t

4 1377 5 1388 t

4 1437 6 1448 t

68 1149 185 1237 Bagaso
200 1152 295 1216 adres
311 1145 504 1235 dardteiyoa
521 1120 723 1238 eyyezircddse
741 1141 821 1212 Urcs
838 1143 948 1213 Iatcdc
964 1147 1046 1214 aco
1056 1143 1177 1231 struto·

522 1255 598 1347 lyei.
614 1255 711 1320 1243.

158 1451 224 1540 ilgo
240 1452 410 1522 iohannes
427 1454 567 1524 Michaei
586 1455 701 1523 Comes
716 1451 853 1537 Ragusii
878 1473 950 1519 cum
968 1451 1173 1520 Conciliariis

4 1523 8 1672 ξ
66 1570 92 1630 et
104 1565 266 1633 Nobilibus
292 1574 326 1631 et
351 1564 520 1631 Communi
540 1561 676 1648 Rugusii
695 1562 839 1629 iuramus
864 1560 923 1629 tibi
950 1563 1082 1628 domiuo
1108 1562 1177 1628 Sta·

4 2339 8 2388 i

4 2393 8 2522 i

65 1671 159 1757 pheno
174 1670 295 1741 Urosso
312 1672 406 1758 Regi,
424 1679 536 1739 nostra
548 1673 723 1754 voluntate,
744 1669 864 1737 mundo
880 1669 986 1758 eorde,
1003 1680 1091 1737 reeta
1103 1669 1176 1757 tide,

65 1780 123 1846 sine
138 1779 258 1872 fraude,
275 1780 363 1864 quod
388 1783 432 1846 ab
456 1780 553 1848 hodie
582 1781 615 1846 in
643 1787 740 1846 antea
766 1778 881 1846 diebus
907 1764 1025 1846 nostris
1052 1784 1083 1844 et
1108 1779 1172 1843 tuis

65 1889 216 1955 condivisa
231 1889 335 1955 simus
356 1885 470 1956 fideles
487 1894 519 1955 et
536 1869 625 1956 'recti
652 1885 748 1955 amici
776 1887 834 1975 tui,
860 1891 893 1953 et
917 1885 1001 1971 quod
1027 1887 1174 1954 vivamus

66 1994 214 2062 vobiscum
229 1995 264 2061 in
282 2014 393 2062 amore
410 2003 443 2062 et
458 2016 547 2081 pace,
564 1997 648 2063 sieut
663 1995 812 2061 vixerant
830 2001 1051 2061 antecessores
1072 1995 1177 2062 nostri

67 2111 93 2165 et
105 2122 159 2168 nos
175 2123 246 2169 cum
264 2123 329 2170 avo
347 2109 379 2170 et
394 2111 487 2190 patre
504 2110 622 2172 vestro.
640 2105 681 2169 Et
701 2102 834 2188 quando
854 2101 1012 2189 placuerit
1036 2103 1096 2168 tibi
1121 2101 1177 2170 do·

66 2210 140 2276 miuo
157 2211 236 2294 Regi
256 2213 312 2279 vei
333 2211 397 2278 tuis
420 2212 606 2279 hominibus
631 2211 743 2279 venire
769 2211 822 2277 vel
847 2230 963 2277 causas
990 2210 1118 2277 mittere
1142 2214 1176 2278 in

66 2323 195 2383 nostram
212 2319 397 2407 Civitatem,
424 2320 548 2388 Ciuitas
568 2327 680 2388 nostra
695 2319 738 2388 sit
759 2320 851 2385 uobis
877 2323 1002 2404 aperta,
1028 2327 1060 2386 ot
1084 2323 1178 2388 stetis

63 2423 123 2490 sani
139 2425 206 2494 sine
224 2429 296 2495 ulla
321 2428 482 2512 molestia,
510 2427 595 2496 siout
620 2434 669 2496 est
695 2428 831 2511 antiqua
854 2423 1063 2495 consuetudo.
1091 2430 1131 2495 Et
1147 2429 1175 2496 si

62 2531 332 2616 aliquisinimicus
355 2542 428 2602 tuus
458 2542 535 2604 aute
560 2541 592 2602 te
617 2534 736 2621 ingerit
761 2535 794 2600 in
820 2543 964 2601 nostram
991 2532 1173 2627 Civitatem,

62 2641 241 2726 recipiamus
279 2663 363 2729 eum,
389 2644 476 2711 sicut
500 2653 691 2730 receperunt
715 2664 788 2711 eum
813 2652 1037 2712 antecessores
1062 2647 1173 2732 nostri,

10 2817 14 2824 ,
63 2746 90 2813 iu
107 2751 338 2820 cousuetudine
359 2752 413 2819 avi
439 2758 472 2820 et
497 2755 602 2840 patris
627 2751 684 2840 tui,
711 2756 744 2818 et
773 2753 942 2818 nobiseum
969 2751 1087 2820 stando
1112 2773 1176 2821 uon

4 3333 9 3458 i

64 2863 165 2924 noceat
197 2865 285 2927 terre
319 2867 374 2926 tue
408 2861 497 2929 nullo
523 2860 627 2928 modo.
654 2861 694 2925 Et
719 2860 747 2927 si
774 2858 940 2926 nobiseum
966 2859 1095 2948 stando,
1120 2841 1179 2926 aiiss

65 2963 181 3044 quando
197 2968 258 3036 tibi
275 2969 435 3055 nocuerit,
452 2975 483 3036 et
500 2967 672 3036 manifeste
688 2967 768 3036 illud
786 2973 951 3035 ostensum
969 2967 1078 3055 inerit,
1095 2988 1176 3034 com·

64 3083 149 3153 ponat
165 3073 246 3142 iilud
263 3075 336 3160 tibi,
353 3076 441 3159 quod
461 3078 628 3157 nocuerit;
655 3075 786 3161 quodsi
812 3096 877 3143 non
903 3073 1093 3160 reddiderit,
1118 3098 1176 3145 nos

62 3177 184 3261 ligatum
202 3184 309 3268 ipsum
330 3183 389 3250 tibi
415 3183 586 3266 dabimus3
609 3183 696 3266 quod
722 3183 750 3251 si
776 3186 883 3269 ipsum
902 3183 961 3250 tibi
986 3203 1051 3249 uun
1076 3183 1172 3252 dede·

62 3288 159 3372 n'mus,
193 3311 267 3357 cum
293 3297 404 3357 nostro
429 3291 550 3359 habere
577 3291 660 3358 illud
681 3292 857 3378 dampnum
884 3311 1119 3378 componemus.
1138 3295 1179 3360 Et

63 3398 124 3461 tuus
140 3394 366 3466 Gomerzarius
385 3399 500 3466 stetin
517 3407 630 3467 nostra
658 3400 790 3466 civitate
815 3399 991 3466 cumomni
1018 3397 1181 3469 directura

62 3501 152 3572 donec
165 3506 226 3574 tibi
245 3508 416 3592 placuerit,
433 3508 518 3576 sieut
533 3509 623 3576 stetit
639 3509 754 3576 dicbus
772 3508 826 3574 avi
851 3516 883 3575 ct
893 3509 977 3595 patri
1004 3510 1062 3589 tui,
1088 3515 1119 3575 et
1144 3510 1171 3577 si
1275 3588 1286 3599 ⁸

60 3608 87 3675 in
114 3613 209 3680 alium
236 3613 341 3682 iocum
366 3615 460 3682 iilum
487 3616 647 3702 posueris,
680 3635 740 3682 nos
766 3637 830 3683 non
856 3615 1041 3684 tenebimus
1066 3623 1177 3684 tenera

65 3735 243 3790 comercum.
260 3724 346 3791 Etsi
362 3722 487 3808 aliquid
505 3723 658 3791 iniustum
675 3722 795 3792 iactum
814 3722 912 3790 feerit
927 3725 1014 3792 iuter
1039 3745 1099 3793 nos
1124 3727 1177 3792 vel

60 3824 535 3912 iuterhominesnost1·os,eum
562 3831 687 3900 iustitia
711 3830 910 3900 iustificetur.
955 3833 996 3898 [tt
1020 3831 1080 3900 hec
1106 3854 1173 3920 pax

62 3933 162 4004 diebus
176 3940 297 4006 nostris
314 3947 346 4006 ct
361 3943 425 4007 tuis
443 3941 533 4007 nulio
552 3942 646 4007 modo
663 3959 720 4026 per
741 3941 866 4006 nullum
878 3939 999 4007 factum
1017 3942 1171 4008 solvatur.

61 4039 94 4106 iit
107 4051 213 4116 stanec
227 4046 271 4115 sit
285 4048 371 4114 inter
393 4067 453 4114 nos
474 4049 630 4116 aSancto
654 4047 812 4115 Michaeie
829 4045 989 4130 usquead
1015 4045 1173 4113 Sanctum

62 4147 233 4238 Georgium,
266 4153 350 4222 sicut
381 4155 444 4222 snit
461 4155 574 4221 diebus
591 4155 645 4221 avi
662 4155 710 4222 tui
727 4163 759 4220 et
775 4156 878 4237 patris
895 4156 939 4219 tui
959 4172 1033 4219 cum
1053 4161 1143 4220 nostr·
1155 4158 1184 4223 is

62 4263 312 4329 antecessoribus
338 4270 371 4329 et
396 4262 564 4330 nobiseum
589 4265 624 4330 in
652 4261 762 4346 aliquo
786 4262 867 4328 loco.
902 4260 1091 4348 Etjudices,
1108 4283 1182 4330 cum

4 4399 6 4422 ι
60 4353 178 4436 insimul
197 4369 328 4458 suerint,
354 4369 508 4438 inrabuut
532 4377 653 4438 rectum
680 4367 833 4437 iudicium
859 4367 1017 4456 iudicare,
1034 4369 1118 4438 sicut
1133 4383 1184 4440 est

63 4477 244 4546 consuetudo
260 4477 435 4545 iudicandi.
510 4489 511 4494 ’
680 4575 681 4580 ¹

155 4582 263 4662 †Isti
302 4585 489 4654 iurauerunt
520 4611 527 4654 :
558 4584 810 4656 Prenominctus
862 4583 1010 4656 domiuus
1056 4585 1174 4658 Comes
