3206 5184
849 963 923 1034 ³85.

320 1165 449 1250 Jsppzoi
463 1163 610 1251 oltrudem,
624 1167 705 1250 moly
719 1166 839 1230 suerint
858 1163 1025 1229 Trou-bon
1040 1190 1080 1230 az
1106 1167 1206 1231 ottoni
1222 1165 1447 1252 seronemndr'

320 1283 474 1336 monostcr
512 1277 662 1338 stdmdra
699 1277 984 1360 hupyomdoyozctt
1022 1272 1117 1339 telliolo
1147 1276 1178 1340 ds
1208 1271 1299 1360 appot
1329 1272 1449 1359 dolpok

740 1379 916 1446 odoacare
941 1380 1038 1448 1264.
1440 1409 1443 1414 Δ

427 1577 466 1643 In
481 1575 542 1645 Dei
560 1576 690 1643 nomine
706 1578 821 1645 Amen.
860 1579 953 1644 Anno
970 1575 1114 1643 eiusdem
1130 1596 1151 1644 u
1166 1577 1347 1645 Natiuitsts
1380 1577 1448 1644 mii·

319 1686 436 1753 lssimo
453 1685 672 1752 ducentesimo
689 1683 895 1770 sexagesimo
920 1692 1047 1769 quarto,
1078 1684 1254 1752 indictione
1286 1684 1357 1752 VII.
1393 1684 1448 1750 die

319 1792 471 1860 Mercurii
490 1791 587 1859 tertio
603 1798 742 1860 exeunte
757 1811 870 1862 mense
886 1792 1043 1860 Octobris.
1067 1793 1229 1879 Tempore
1244 1792 1370 1859 domini
1388 1793 1449 1860 Oo-

320 1899 465 1967 lumbani
481 1899 679 1968 venerabilis
693 1899 923 1983 Traguriensis
937 1901 1090 1987 Episcopi
1103 1923 1111 1984 ;
1128 1900 1230 1968 incliti
1246 1900 1307 1968 viri
1323 1899 1448 1968 domini

318 2007 459 2076 Bolundi
475 2007 610 2076 Comitis
625 2017 657 2076 ct
673 2007 771 2078 totius
788 2009 965 2078 Scleuonis
980 2009 1083 2095 Beni3
1108 2015 1141 2076 et
1173 2008 1294 2076 domini
1325 2009 1447 2077 Valen-

319 2117 379 2184 tini
396 2115 437 2185 de
451 2115 591 2185 Kauaris
607 2124 639 2183 ct
665 2118 752 2185 Luce
784 2119 871 2186 Petri
903 2117 1052 2185 iudicum
1084 2116 1247 2204 Tragurij.
1280 2118 1448 2186 Promisso

319 2227 469 2313 primitus
487 2233 519 2294 et
533 2227 685 2314 upposito
700 2231 815 2296 tenore
831 2227 1012 2294 litterarum
1028 2227 1234 2294 Sanctissimi
1248 2225 1356 2294 Patris
1389 2227 1446 2294 do

319 2334 400 2401 mini
416 2331 541 2401 Urbuni
556 2333 680 2400 Summi
695 2332 869 2400 Pontitious
885 2351 984 2418 super
1000 2332 1062 2399 heo
1086 2333 1270 2400 venditione
1294 2332 1448 2401 facienda

320 2439 496 2510 secundum
513 2445 658 2508 tenorem
674 2440 820 2525 ipsarum
835 2439 1017 2508 litterarum
1034 2462 1055 2508 a
1070 2441 1173 2510 Nobis
1190 2442 1290 2509 fratre
1315 2438 1448 2509 Oolnm-

318 2551 404 2616 buno
419 2547 583 2634 Episcopo
599 2549 814 2636 'traguriensi
830 2549 871 2616 de
887 2549 981 2617 rebus
997 2556 1029 2615 st
1059 2550 1165 2616 vincis
1197 2571 1236 2616 sc
1266 2550 1446 2636 possessio·

319 2658 415 2726 nibus
432 2656 649 2742 infrascriptis
681 2660 834 2725 bonorum
866 2658 1028 2742 quondam
1060 2657 1148 2726 Dese
1178 2659 1283 2746 Luce3
1305 2679 1446 2744 quarum

318 2766 500 2834 litterarum
516 2775 609 2834 tenor
625 2766 653 2834 is
669 2773 736 2832 ost:

427 2876 578 2944 Urbanus
596 2873 775 2962 Episcopus
791 2892 904 2942 seruus
921 2894 1086 2942 seruorum
1103 2874 1166 2942 Dei
1182 2876 1362 2943 venerabili
1377 2875 1447 2942 irs-

319 2985 360 3050 tri
377 3035 383 3050 .
403 3034 410 3048 .
429 3034 435 3048 .
454 2983 616 3070 Episcopo
633 2981 847 3067 Traguriensi
864 2983 1002 3049 salutem
1019 2990 1051 3048 et
1066 2982 1288 3068 Apostolicsm
1315 2979 1447 3049 benedi-

319 3093 468 3159 ctionem.
493 3092 561 3158 Sua
576 3089 671 3158 nobis
689 3088 800 3156 dilecti
815 3088 875 3174 iilij
894 3085 1101 3157 Guurdianus
1118 3095 1150 3156 et
1166 3087 1282 3156 tratres
1312 3090 1356 3157 de
1386 3088 1448 3157 Or·

319 3199 394 3266 dinc
417 3197 578 3265 Minorum
603 3196 839 3282 Tragurienses
865 3197 1021 3283 petitione
1052 3202 1324 3285 moustrsucront,
1358 3198 1447 3281 qnod

318 3306 477 3392 quendem
496 3308 585 3373 Dese
601 3305 689 3373 Luce
705 3304 789 3373 ciuis
805 3305 1046 3390 Traguricnsis,
1080 3311 1211 3371 terrens
1227 3326 1286 3391 pro
1318 3305 1445 3374 celesti·

319 3416 378 3482 bus
395 3414 527 3500 cupiens
544 3412 681 3480 feliciter
697 3417 907 3497 commutare,
925 3409 1022 3478 dictis
1033 3411 1222 3479 Guerdicno
1233 3415 1448 3500 etirstribus,

319 3543 399 3608 quos
414 3524 448 3590 in
466 3521 666 3606 necessariJs
680 3540 833 3604 magnum
851 3520 1071 3588 considerauit
1085 3524 1245 3588 sustinere
1271 3521 1446 3610 deiectum,

319 3639 432 3712 terres,
448 3629 674 3713 possessiones
691 3633 722 3693 et
738 3627 848 3694 omnic
864 3627 951 3694 bons
975 3647 1037 3695 sus
1067 3628 1101 3694 in
1130 3628 1247 3695 ultime
1277 3631 1448 3699 voluntate

319 3737 462 3822 legauit3
487 3743 519 3802 et
536 3737 613 3820 quie
628 3736 746 3802 iratres
761 3735 866 3821 ipsius
883 3733 1013 3802 Ordinis
1039 3737 1080 3804 dc
1111 3737 1373 3822 possessionibus
1407 3759 1447 3807 sc

318 3846 504 3912 nullatenus
519 3840 745 3928 intromittunt,
762 3863 822 3910 nec
838 3843 886 3910 eis
902 3842 979 3910 licet
987 3842 1207 3928 possessiones
1218 3844 1348 3934 hebere,
1365 3866 1446 3930 qua·

318 3957 391 4019 tuor
405 3959 634 4039 procuratores
649 3951 825 4038 constituit,
854 3951 910 4036 qui
927 3958 1029 4018 terres
1046 3959 1079 4019 ct
1095 3953 1319 4037 possessiones
1335 3953 1447 4022 huius-

319 4061 406 4127 modi
423 4069 645 4145 procurarent,
661 4065 692 4126 et
706 4058 852 4126 redditus
868 4066 901 4124 ct
916 4065 1091 4144 prouentus
1107 4081 1219 4128 eorum
1244 4064 1278 4128 in
1304 4065 1447 4131 necessi·

318 4172 402 4236 tates
420 4164 599 4235 Gnardiani
615 4173 647 4235 st
663 4167 797 4234 fratrum
814 4173 1042 4233 conuertcrcnt
1068 4168 1262 4250 eorundcm;
1284 4170 1333 4236 itu
1357 4172 1448 4256 quod

317 4273 501 4342 reddituum
518 4280 550 4340 et
564 4280 777 4361 prouentunm
795 4275 1015 4360 predictorum
1027 4273 1204 4359 residuum,
1220 4276 1338 4361 siquid
1348 4287 1446 4368 esset,

206 4471 210 4478 Ι
319 4385 410 4450 iuxta
425 4383 595 4449 consilinm
611 4383 828 4453 Prouinciutis
844 4385 984 4453 Ministri
1001 4393 1032 4451 et
1048 4384 1185 4453 eliorum
1197 4383 1332 4451 fratrum
1341 4385 1447 4472 ipsius

319 4490 451 4556 Ordinis
469 4489 509 4556 de
526 4489 673 4575 partibus
703 4492 773 4559 iilis
804 4493 973 4561 studerent
1005 4493 1084 4577 alijs
1109 4493 1268 4560 tratribus
1301 4494 1444 4564 eiusdem

322 4595 452 4664 Ordinis
469 4597 548 4665 alibi
565 4598 837 4667 commorantibus
854 4602 1020 4687 impertiri.
1037 4599 1147 4679 Quare
1163 4623 1221 4688 pro
1237 4609 1331 4689 parte
1346 4603 1445 4673 dicto·
