3184 5186
835 343 993 444 ‚gt-2„

355 547 388 610 st
404 547 454 609 est
468 537 644 609 seeundum
662 539 748 625 quod
764 539 796 605 in
827 540 890 607 ista
919 559 1047 610 summa
1076 539 1232 608 librarum
1265 539 1482 608 ducentarum

354 657 403 716 est
434 649 593 716 ineiusnm
625 647 812 734 dampnum,
843 648 929 732 quod
960 648 1057 714 debet
1087 646 1240 716 satisfieri
1272 648 1377 714 nobili
1410 649 1483 715 uiro

355 755 493 823 Nioolao
508 754 667 822 Tsnolioo
682 751 724 820 de
739 775 823 839 equo
839 763 872 822 et
885 756 1064 846 inmmenta
1079 775 1149 822 sus.
1167 755 1248 821 Item
1264 753 1352 838 quod
1369 776 1486 824 omnes

354 863 475 949 oaptivi
507 883 547 930 or
577 871 713 947 utraque
746 869 836 949 parte
867 863 972 931 libere
1002 864 1143 930 debeant
1158 863 1307 930 relaxari.
1324 863 1486 934 Protsrea

354 969 489 1037 offensio
505 969 618 1035 mortis
635 969 808 1037 Drasimiri
827 969 1008 1046 hominibus
1034 969 1147 1036 Chersi
1179 977 1211 1037 et
1242 970 1346 1038 tooius
1379 973 1489 1038 Comi-

354 1081 441 1143 tatus
464 1074 657 1144 Abserensis
677 1094 736 1162 per
751 1075 915 1162 predictos
930 1077 1014 1143 filios
1031 1076 1166 1142 Comitis
1184 1075 1356 1168 Cnidonis,
1374 1085 1408 1144 et
1423 1099 1487 1165 per

357 1203 573 1268 quoscumque
604 1185 688 1252 aiios
708 1185 847 1251 Comites
863 1185 1051 1270 Voglenses,
1068 1203 1108 1251 ao
1123 1186 1224 1250 etiam
1242 1205 1300 1269 per
1316 1185 1486 1269 quoslibet

355 1293 437 1360 aiios
455 1292 617 1360 subiectos
633 1289 783 1358 Dominio
801 1292 985 1359 eorumdem
1002 1291 1101 1360 iibere
1117 1293 1254 1360 remissa
1270 1298 1330 1377 est,
1349 1300 1382 1360 et
1415 1311 1485 1358 non

357 1401 563 1467 sustinebunt
592 1398 703 1482 aliquo
736 1398 840 1488 modo,
869 1401 954 1485 qnod
973 1401 1083 1485 aliqua
1098 1400 1218 1467 iniuria
1233 1401 1286 1468 vel
1303 1400 1489 1488 dampnum

356 1509 412 1574 fiat
443 1507 612 1574 occasione
642 1507 754 1574 mortis
785 1507 866 1573 dieti
904 1507 1077 1576 Drasimiri
1120 1507 1252 1593 prefatis
1296 1507 1488 1576 hominibus

355 1613 467 1682 Chersi
499 1621 531 1680 et
561 1613 744 1680 hominibus
776 1613 952 1682 Comitatus
976 1615 1168 1682 Abserensis
1194 1635 1251 1699 per
1267 1615 1411 1698 aliquem
1433 1617 1487 1680 vel

356 1723 481 1808 aliquos
513 1723 559 1788 eis
591 1723 771 1804 subiectos3
795 1723 871 1788 etsi
887 1723 989 1810 fieret,
1021 1724 1105 1807 quod
1138 1723 1199 1809 ipsi
1216 1722 1274 1787 filii
1292 1721 1434 1792 Comitis
1452 1731 1487 1790 et

357 1829 498 1896 Comites
523 1827 624 1913 Vegle
641 1828 758 1896 faoient
776 1829 852 1896 inde
868 1831 1030 1897 iusticiam
1047 1837 1079 1896 et
1088 1830 1221 1915 punient
1236 1831 1438 1897 malefioium
1457 1837 1489 1896 et

357 1937 533 2023 dampnum
558 1936 669 2004 datum
686 1938 719 2004 in
736 1939 882 2023 personis
899 1939 951 2006 vel
971 1941 1065 2006 robus
1082 1936 1255 2004 seeundum
1272 1938 1362 2021 quod
1377 1939 1487 2024 requi-

358 2045 449 2114 sierit
479 2045 671 2112 maleficium
694 2047 746 2114 vel
762 2045 935 2132 dampnum
954 2047 1075 2113 datum.
1093 2047 1163 2112 Hoo
1179 2045 1303 2132 addito,
1326 2043 1416 2128 quod
1433 2045 1491 2111 ho·

357 2153 458 2220 mines
489 2152 668 2222 Comitatus
697 2156 801 2240 Vegle
832 2177 898 2221 non
929 2155 1070 2224 debeant
1101 2156 1212 2222 venire
1227 2156 1260 2220 in
1287 2153 1489 2222 Comitatnm

358 2262 469 2330 Chersi
503 2265 553 2330 uei
570 2265 688 2335 Abseri
714 2284 814 2332 eausa
829 2263 982 2331 medendi
998 2286 1057 2332 neo
1073 2263 1242 2332 auferendi
1260 2263 1355 2348 ligna
1371 2264 1414 2330 de
1432 2283 1489 2328 ne·

359 2371 499 2437 moribus
515 2371 583 2438 suis
600 2373 670 2438 sine
686 2373 854 2440 voluntate
869 2393 929 2440 sua
945 2393 1047 2440 eausa
1075 2369 1225 2458 portandi
1251 2391 1308 2438 eas
1340 2371 1414 2436 vias
1445 2369 1491 2434 ad

359 2480 443 2545 alias
470 2485 590 2563 partes,
608 2487 640 2546 et
656 2481 684 2546 si
702 2482 821 2566 reperti
838 2481 968 2565 suerint,
984 2482 1071 2564 quod
1087 2477 1201 2546 Comes
1217 2477 1334 2546 Abseri
1351 2480 1491 2544 auferat

360 2584 418 2671 eis,
436 2585 491 2669 qui
507 2585 555 2652 sio
573 2587 695 2672 reperti
712 2588 841 2675 suerint,
873 2591 1013 2655 bannum
1046 2587 1173 2655 scilieet
1204 2585 1372 2653 bizanoios
1406 2583 1492 2651 dnos

359 2711 416 2777 pro
433 2692 578 2777 qualibet
593 2694 736 2780 barohs;
762 2704 793 2761 et
809 2717 826 2762 e
842 2715 998 2764 oonverso
1020 2695 1166 2762 hominos
1184 2694 1300 2760 Abseri
1320 2697 1353 2757 et
1370 2689 1490 2757 Chersi

361 2800 392 2865 in
408 2800 553 2867 Insulam
564 2801 665 2888 Vegle
681 2802 728 2870 ire
744 2824 809 2871 non
825 2803 974 2886 debeant,
992 2824 1051 2870 neo
1067 2803 1099 2868 in
1115 2801 1191 2868 aliis
1208 2801 1302 2867 terris
1319 2798 1363 2864 ad
1381 2799 1491 2882 ipsum

360 2907 553 2978 Comitaium
586 2916 769 2997 spectantes
789 2933 848 2997 pro
868 2911 968 2996 lignis
984 2911 1174 2994 incidendis,
1193 2906 1365 2974 medendis
1383 2914 1417 2972 et
1435 2927 1490 2971 an·

359 3015 501 3084 ferendis
528 3039 627 3087 eausa
657 3019 735 3086 aiibi
766 3019 971 3106 asportandis
1002 3020 1074 3087 sine
1104 3018 1269 3084 voluntate
1294 3035 1407 3081 eornm
1425 3016 1487 3082 sub

360 3133 491 3209 penset
508 3125 615 3194 banno
632 3128 787 3212 predioto.
804 3129 885 3195 Item
902 3128 1167 3212 quandocumque
1189 3122 1305 3207 aliquis
1323 3123 1487 3190 dictorum

361 3231 518 3300 Comitum
549 3253 606 3321 per
631 3235 852 3320 offensionem,
885 3255 981 3319 quam
1012 3233 1134 3318 feeerit,
1166 3231 1262 3297 fuerit
1293 3231 1490 3316 forbanitus,

361 3347 392 3408 et
409 3341 501 3408 iverit
518 3342 561 3410 ad
577 3351 681 3410 terras
701 3344 836 3410 alterius
868 3343 1010 3429 Comitis,
1042 3340 1127 3427 quod
1159 3341 1284 3424 Comes,
1318 3340 1353 3404 in
1387 3340 1484 3405 ouius

359 3449 553 3518 Comitatum
583 3449 679 3518 iverit
710 3450 899 3537 sorbanitus,
933 3450 976 3517 ad
1002 3447 1244 3535 requisitionem
1260 3445 1408 3533 Comitis,
1428 3445 1486 3529 qni

360 3557 463 3643 ipsum
488 3559 601 3626 feeerit
617 3559 783 3646 forbaniri,
816 3559 935 3627 dietum
962 3559 1158 3626 forbanitum
1174 3556 1244 3623 sive
1259 3553 1442 3622 forbanitos
1460 3553 1489 3620 ei

360 3663 485 3732 saciant
516 3667 671 3757 exhiberi,
704 3668 869 3751 questione
902 3674 934 3734 et
966 3667 1121 3734 dilatione
1136 3664 1280 3748 remotis,
1305 3664 1360 3730 vel
1377 3663 1488 3747 ipsum

359 3770 554 3841 sorbanitum
571 3775 640 3842 siue
656 3776 837 3844 sorbanitos
853 3777 885 3840 in
913 3795 974 3843 sua
1005 3783 1092 3841 terra
1123 3773 1309 3839 nuliatenus
1341 3770 1489 3837 debeant

362 3882 510 3969 retinere,
542 3882 589 3950 ita
621 3884 707 3968 quod
739 3884 800 3951 hoo
832 3883 1035 3968 intelligatur
1065 3884 1097 3948 in
1130 3879 1276 3948 omnibus
1308 3878 1414 3961 terris,
1457 3879 1491 3942 in

360 3991 478 4074 quibus
508 3991 572 4078 ipsi
603 3991 663 4058 filii
694 3991 827 4066 Comitis
858 3989 1018 4057 Cnidonis
1048 3989 1193 4056 habeant
1218 3985 1396 4052 dominium
1432 4004 1492 4071 pro

360 4095 530 4164 Comitatu.
578 4095 730 4165 Preterea
770 4100 799 4166 si
828 4098 949 4182 aliquis
981 4098 1075 4164 homo
1107 4097 1158 4162 vel
1188 4094 1297 4180 plures
1329 4094 1489 4160 dictorum

362 4204 577 4272 Comitatuum
594 4225 694 4272 eausa
719 4205 832 4292 debiti,
867 4207 918 4272 vel
945 4204 1013 4272 alia
1044 4203 1230 4272 offensionis
1262 4221 1364 4268 eausa
1395 4199 1493 4266 iverit

359 4311 401 4377 de
417 4333 480 4379 nno
498 4311 658 4380 Comitatu
689 4313 858 4400 maliem,
891 4313 947 4380 ille
979 4314 1102 4399 Comes,
1135 4313 1168 4378 in
1200 4311 1291 4377 ouius
1324 4310 1489 4377 Comitatu

358 4419 481 4504 fugerit
511 4422 562 4486 rel
579 4421 729 4507 fugerint,
759 4421 837 4488 dare
852 4428 1000 4488 teneatur
1031 4420 1122 4487 iilum
1140 4421 1193 4488 rel
1210 4419 1282 4486 illos
1299 4414 1429 4502 Comiti,
1448 4411 1490 4482 de

362 4531 452 4596 ouius
468 4527 631 4595 Comitatn
647 4527 751 4615 fuerit,
770 4530 821 4596 vel
837 4528 936 4595 faeiat
957 4549 1012 4597 eos
1030 4527 1085 4610 qui
1103 4528 1152 4595 sio
1183 4525 1327 4611 fugerint
1357 4524 1486 4592 solvere

359 4634 504 4704 debitum
522 4635 591 4704 sivo
610 4634 761 4720 bannum,
779 4635 820 4701 de
836 4655 899 4718 quo
916 4635 1084 4720 tenebitur,
1102 4635 1172 4701 sine
1188 4632 1346 4700 dilatione
1361 4631 1487 4698 solvero
