<?xml version="1.0" encoding="UTF-8"?>
<!DOCTYPE html PUBLIC "-//W3C//DTD XHTML 1.0 Transitional//EN"
    "http://www.w3.org/TR/xhtml1/DTD/xhtml1-transitional.dtd">
<html xmlns="http://www.w3.org/1999/xhtml" xml:lang="en" lang="en">
 <head>
  <title>
</title>
<meta http-equiv="Content-Type" content="text/html;charset=utf-8" />
  <meta name='ocr-system' content='tesseract 3.04.00' />
  <meta name='ocr-capabilities' content='ocr_page ocr_carea ocr_par ocr_line ocrx_word'/>
</head>
<body>
  <div class='ocr_page' id='page_1' title='image "./codexdiplomatic01wenzgoog_0627.png"; bbox 0 0 3206 5184; ppageno 0'>
   <div class='ocr_carea' id='block_1_1' title="bbox 9 539 1264 642">
    <p class='ocr_par' dir='ltr' id='par_1_1' title="bbox 9 539 1264 642">
     <span class='ocr_line' id='line_1_1' title="bbox 9 539 1264 642; baseline 0.011 -25"><span class='ocrx_word' id='word_1_1' title='bbox 9 539 11 600; x_wconf 77' lang='grc' dir='ltr'><strong><em>ῗ</em></strong></span> <span class='ocrx_word' id='word_1_2' title='bbox 135 550 188 639; x_wconf 89' lang='lat' dir='ltr'><strong>do,</strong></span> <span class='ocrx_word' id='word_1_3' title='bbox 219 557 329 622; x_wconf 89' lang='lat' dir='ltr'><strong>tamen</strong></span> <span class='ocrx_word' id='word_1_4' title='bbox 358 551 494 622; x_wconf 88' lang='lat' dir='ltr'><strong>humilia</strong></span> <span class='ocrx_word' id='word_1_5' title='bbox 535 553 676 642; x_wconf 80' lang='lat' dir='ltr'><strong>respicit,</strong></span> <span class='ocrx_word' id='word_1_6' title='bbox 710 574 731 623; x_wconf 83' lang='lat' dir='ltr'><strong>a</strong></span> <span class='ocrx_word' id='word_1_7' title='bbox 762 555 830 625; x_wconf 87' lang='lat' dir='ltr'><strong>suis</strong></span> <span class='ocrx_word' id='word_1_8' title='bbox 855 557 1008 627; x_wconf 87' lang='lat' dir='ltr'><strong>oneribus</strong></span> <span class='ocrx_word' id='word_1_9' title='bbox 1049 557 1264 632; x_wconf 80' lang='lat' dir='ltr'><strong>sublevando.</strong></span> 
     </span>
    </p>
   </div>
   <div class='ocr_carea' id='block_1_2' title="bbox 8 660 1329 755">
    <p class='ocr_par' dir='ltr' id='par_1_2' title="bbox 8 660 1329 755">
     <span class='ocr_line' id='line_1_2' title="bbox 8 660 1329 755; baseline 0.01 -28"><span class='ocrx_word' id='word_1_10' title='bbox 8 687 10 714; x_wconf 69' lang='lat'>‡</span> <span class='ocrx_word' id='word_1_11' title='bbox 134 661 276 730; x_wconf 77' lang='lat' dir='ltr'>Proinde</span> <span class='ocrx_word' id='word_1_12' title='bbox 304 660 348 731; x_wconf 87' lang='lat' dir='ltr'><strong>ad</strong></span> <span class='ocrx_word' id='word_1_13' title='bbox 379 663 602 731; x_wconf 86' lang='lat' dir='ltr'><strong>universorum</strong></span> <span class='ocrx_word' id='word_1_14' title='bbox 642 662 797 732; x_wconf 75' lang='lat' dir='ltr'><strong>noticiam</strong></span> <span class='ocrx_word' id='word_1_15' title='bbox 828 672 895 732; x_wconf 86' lang='lat' dir='ltr'><strong>tam</strong></span> <span class='ocrx_word' id='word_1_16' title='bbox 926 668 1130 755; x_wconf 89' lang='lat' dir='ltr'><strong>presencium</strong></span> <span class='ocrx_word' id='word_1_17' title='bbox 1162 690 1260 754; x_wconf 90' lang='lat' dir='ltr'><strong>qnam</strong></span> <span class='ocrx_word' id='word_1_18' title='bbox 1325 711 1329 719; x_wconf 93' lang='lat'>·</span> 
     </span>
    </p>
   </div>
   <div class='ocr_carea' id='block_1_3' title="bbox 96 771 1266 969">
    <p class='ocr_par' dir='ltr' id='par_1_3' title="bbox 96 771 1266 969">
     <span class='ocr_line' id='line_1_3' title="bbox 96 771 1263 865; baseline 0.009 -28"><span class='ocrx_word' id='word_1_19' title='bbox 96 844 103 855; x_wconf 59' lang='grc'>,</span> <span class='ocrx_word' id='word_1_20' title='bbox 134 771 315 839; x_wconf 80' lang='lat' dir='ltr'><strong>futurorum</strong></span> <span class='ocrx_word' id='word_1_21' title='bbox 330 771 445 838; x_wconf 89' lang='lat' dir='ltr'><strong>harum</strong></span> <span class='ocrx_word' id='word_1_22' title='bbox 461 771 546 839; x_wconf 89' lang='lat' dir='ltr'><strong>serie</strong></span> <span class='ocrx_word' id='word_1_23' title='bbox 561 772 711 841; x_wconf 83' lang='lat' dir='ltr'><strong>volumus</strong></span> <span class='ocrx_word' id='word_1_24' title='bbox 726 775 896 860; x_wconf 81' lang='lat' dir='ltr'><strong>peruenire</strong></span> <span class='ocrx_word' id='word_1_25' title='bbox 912 798 921 840; x_wconf 76' lang='grc' dir='ltr'><strong><em>ε</em></strong></span> <span class='ocrx_word' id='word_1_26' title='bbox 937 775 1025 859; x_wconf 88' lang='lat' dir='ltr'><strong>quod</strong></span> <span class='ocrx_word' id='word_1_27' title='bbox 1050 796 1123 844; x_wconf 92' lang='lat' dir='ltr'><strong>cum</strong></span> <span class='ocrx_word' id='word_1_28' title='bbox 1148 779 1263 865; x_wconf 92' lang='lat' dir='ltr'><strong>populi</strong></span> 
     </span>
     <span class='ocr_line' id='line_1_4' title="bbox 135 877 1266 969; baseline 0.008 -23"><span class='ocrx_word' id='word_1_29' title='bbox 135 878 332 947; x_wconf 85' lang='lat' dir='ltr'><strong>venerabilis</strong></span> <span class='ocrx_word' id='word_1_30' title='bbox 356 877 458 964; x_wconf 85' lang='lat' dir='ltr'><strong>patris</strong></span> <span class='ocrx_word' id='word_1_31' title='bbox 483 878 657 968; x_wconf 82' lang='lat' dir='ltr'><strong>Thymotei</strong></span> <span class='ocrx_word' id='word_1_32' title='bbox 682 881 835 969; x_wconf 78' lang='lat' dir='ltr'><strong>Episcopi</strong></span> <span class='ocrx_word' id='word_1_33' title='bbox 859 882 1093 967; x_wconf 88' lang='lat' dir='ltr'><strong>Zagrabieusis</strong></span> <span class='ocrx_word' id='word_1_34' title='bbox 1109 883 1143 953; x_wconf 90' lang='lat' dir='ltr'><strong>in</strong></span> <span class='ocrx_word' id='word_1_35' title='bbox 1160 885 1266 955; x_wconf 83' lang='lat' dir='ltr'><strong>Comi·</strong></span> 
     </span>
    </p>
   </div>
   <div class='ocr_carea' id='block_1_4' title="bbox 7 977 1262 1186">
    <p class='ocr_par' dir='ltr' id='par_1_4' title="bbox 6 977 1262 1210">
     <span class='ocr_line' id='line_1_5' title="bbox 7 977 1261 1075; baseline 0.01 -23"><span class='ocrx_word' id='word_1_36' title='bbox 7 1061 9 1066; x_wconf 52' lang='grc'>,</span> <span class='ocrx_word' id='word_1_37' title='bbox 134 993 205 1054; x_wconf 89' lang='lat' dir='ltr'><strong>tatu</strong></span> <span class='ocrx_word' id='word_1_38' title='bbox 221 985 263 1055; x_wconf 90' lang='lat' dir='ltr'><strong>‹le</strong></span> <span class='ocrx_word' id='word_1_39' title='bbox 278 986 385 1056; x_wconf 87' lang='lat' dir='ltr'><strong>Vrbaa</strong></span> <span class='ocrx_word' id='word_1_40' title='bbox 402 977 585 1056; x_wconf 84' lang='lat' dir='ltr'><strong>existentes</strong></span> <span class='ocrx_word' id='word_1_41' title='bbox 601 1008 660 1075; x_wconf 91' lang='lat' dir='ltr'><strong>per</strong></span> <span class='ocrx_word' id='word_1_42' title='bbox 691 989 858 1059; x_wconf 88' lang='lat' dir='ltr'><strong>continuos</strong></span> <span class='ocrx_word' id='word_1_43' title='bbox 889 991 1066 1060; x_wconf 90' lang='lat' dir='ltr'><strong>descensus</strong></span> <span class='ocrx_word' id='word_1_44' title='bbox 1096 995 1261 1064; x_wconf 83' lang='lat' dir='ltr'><strong>Beronum</strong></span> 
     </span>
     <span class='ocr_line' id='line_1_6' title="bbox 134 1094 1262 1186; baseline 0.009 -22.879"><span class='ocrx_word' id='word_1_45' title='bbox 134 1102 330 1182; x_wconf 89' lang='lat' dir='ltr'><strong>nostrorum,</strong></span> <span class='ocrx_word' id='word_1_46' title='bbox 347 1100 379 1161; x_wconf 91' lang='lat' dir='ltr'><strong>et</strong></span> <span class='ocrx_word' id='word_1_47' title='bbox 388 1113 448 1180; x_wconf 91' lang='lat' dir='ltr'><strong>per</strong></span> <span class='ocrx_word' id='word_1_48' title='bbox 463 1094 620 1163; x_wconf 79' lang='lat' dir='ltr'><strong>Comitem</strong></span> <span class='ocrx_word' id='word_1_49' title='bbox 636 1095 677 1164; x_wconf 84' lang='lat' dir='ltr'><strong>de</strong></span> <span class='ocrx_word' id='word_1_50' title='bbox 693 1097 811 1184; x_wconf 81' lang='lat' dir='ltr'><strong>Vrbes,</strong></span> <span class='ocrx_word' id='word_1_51' title='bbox 826 1119 866 1167; x_wconf 88' lang='lat' dir='ltr'><strong>ao</strong></span> <span class='ocrx_word' id='word_1_52' title='bbox 880 1119 939 1186; x_wconf 91' lang='lat' dir='ltr'><strong>per</strong></span> <span class='ocrx_word' id='word_1_53' title='bbox 955 1099 1101 1170; x_wconf 75' lang='lat' dir='ltr'><strong>curiales</strong></span> <span class='ocrx_word' id='word_1_54' title='bbox 1117 1100 1262 1173; x_wconf 79' lang='lat' dir='ltr'><strong>Comites</strong></span> 
     </span>
    </p>
   </div>
   <div class='ocr_carea' id='block_1_5' title="bbox 135 1200 1265 1509">
    <p class='ocr_par' dir='ltr' id='par_1_5' title="bbox 135 1200 1265 1509">
     <span class='ocr_line' id='line_1_7' title="bbox 136 1200 1265 1294; baseline 0.008 -23"><span class='ocrx_word' id='word_1_55' title='bbox 136 1203 293 1293; x_wconf 86' lang='lat' dir='ltr'><strong>eiusdem,</strong></span> <span class='ocrx_word' id='word_1_56' title='bbox 323 1203 378 1288; x_wconf 93' lang='lat' dir='ltr'><strong>qui</strong></span> <span class='ocrx_word' id='word_1_57' title='bbox 409 1200 500 1272; x_wconf 88' lang='lat' dir='ltr'><strong>luere</strong></span> <span class='ocrx_word' id='word_1_58' title='bbox 532 1224 591 1289; x_wconf 88' lang='lat' dir='ltr'><strong>pro</strong></span> <span class='ocrx_word' id='word_1_59' title='bbox 632 1211 789 1294; x_wconf 87' lang='lat' dir='ltr'><strong>tempore,</strong></span> <span class='ocrx_word' id='word_1_60' title='bbox 821 1228 857 1276; x_wconf 91' lang='lat' dir='ltr'><strong>se</strong></span> <span class='ocrx_word' id='word_1_61' title='bbox 888 1215 1127 1294; x_wconf 80' lang='lat' dir='ltr'><strong>conquerentur</strong></span> <span class='ocrx_word' id='word_1_62' title='bbox 1164 1209 1265 1280; x_wconf 87' lang='lat' dir='ltr'><strong>luisse</strong></span> 
     </span>
     <span class='ocr_line' id='line_1_8' title="bbox 138 1311 1264 1399; baseline 0.007 -21"><span class='ocrx_word' id='word_1_63' title='bbox 138 1311 313 1399; x_wconf 90' lang='lat' dir='ltr'><strong>plurimum</strong></span> <span class='ocrx_word' id='word_1_64' title='bbox 344 1316 563 1398; x_wconf 79' lang='lat' dir='ltr'><strong>aggravat0s3</strong></span> <span class='ocrx_word' id='word_1_65' title='bbox 585 1333 646 1382; x_wconf 90' lang='lat' dir='ltr'><strong>nos</strong></span> <span class='ocrx_word' id='word_1_66' title='bbox 676 1313 734 1396; x_wconf 91' lang='lat' dir='ltr'><strong>qui</strong></span> <span class='ocrx_word' id='word_1_67' title='bbox 764 1314 930 1384; x_wconf 83' lang='lat' dir='ltr'><strong>Ecclesiae</strong></span> <span class='ocrx_word' id='word_1_68' title='bbox 946 1316 1008 1385; x_wconf 91' lang='lat' dir='ltr'><strong>Dei</strong></span> <span class='ocrx_word' id='word_1_69' title='bbox 1023 1324 1057 1383; x_wconf 89' lang='lat' dir='ltr'><strong>et</strong></span> <span class='ocrx_word' id='word_1_70' title='bbox 1071 1316 1114 1385; x_wconf 80' lang='lat' dir='ltr'><strong>ael</strong></span> <span class='ocrx_word' id='word_1_71' title='bbox 1131 1317 1264 1386; x_wconf 87' lang='lat' dir='ltr'><strong>easdem</strong></span> 
     </span>
     <span class='ocr_line' id='line_1_9' title="bbox 135 1425 1264 1509; baseline 0.003 -19"><span class='ocrx_word' id='word_1_72' title='bbox 135 1427 324 1509; x_wconf 77' lang='lat' dir='ltr'><strong>spectantes</strong></span> <span class='ocrx_word' id='word_1_73' title='bbox 339 1429 508 1508; x_wconf 84' lang='lat' dir='ltr'><strong>protegere</strong></span> <span class='ocrx_word' id='word_1_74' title='bbox 531 1425 759 1492; x_wconf 87' lang='lat' dir='ltr'><strong>consuevimus</strong></span> <span class='ocrx_word' id='word_1_75' title='bbox 790 1431 822 1492; x_wconf 88' lang='lat' dir='ltr'><strong>et</strong></span> <span class='ocrx_word' id='word_1_76' title='bbox 852 1425 969 1504; x_wconf 80' lang='lat' dir='ltr'><strong>lovere,</strong></span> <span class='ocrx_word' id='word_1_77' title='bbox 1001 1445 1043 1493; x_wconf 88' lang='lat' dir='ltr'><strong>nc</strong></span> <span class='ocrx_word' id='word_1_78' title='bbox 1073 1426 1109 1493; x_wconf 93' lang='lat' dir='ltr'><strong>in</strong></span> <span class='ocrx_word' id='word_1_79' title='bbox 1140 1426 1264 1495; x_wconf 82' lang='lat' dir='ltr'><strong>eisdem</strong></span> 
     </span>
    </p>
   </div>
   <div class='ocr_carea' id='block_1_6' title="bbox 2 1529 1264 2161">
    <p class='ocr_par' dir='ltr' id='par_1_6' title="bbox 2 1517 1264 2161">
     <span class='ocr_line' id='line_1_10' title="bbox 5 1529 1264 1619; baseline 0.007 -25"><span class='ocrx_word' id='word_1_80' title='bbox 5 1541 17 1614; x_wconf 54' lang='grc' dir='ltr'><strong>ι,</strong></span> <span class='ocrx_word' id='word_1_81' title='bbox 134 1529 257 1599; x_wconf 86' lang='lat' dir='ltr'><strong>Divine</strong></span> <span class='ocrx_word' id='word_1_82' title='bbox 287 1530 395 1600; x_wconf 86' lang='lat' dir='ltr'><strong>laudis</strong></span> <span class='ocrx_word' id='word_1_83' title='bbox 421 1551 545 1616; x_wconf 88' lang='lat' dir='ltr'><strong>organa</strong></span> <span class='ocrx_word' id='word_1_84' title='bbox 565 1533 815 1619; x_wconf 85' lang='lat' dir='ltr'><strong>suspendantur,</strong></span> <span class='ocrx_word' id='word_1_85' title='bbox 833 1532 892 1601; x_wconf 91' lang='lat' dir='ltr'><strong>sed</strong></span> <span class='ocrx_word' id='word_1_86' title='bbox 908 1534 1020 1603; x_wconf 83' lang='lat' dir='ltr'><strong>Diuini</strong></span> <span class='ocrx_word' id='word_1_87' title='bbox 1037 1534 1145 1603; x_wconf 89' lang='lat' dir='ltr'><strong>cultus</strong></span> <span class='ocrx_word' id='word_1_88' title='bbox 1161 1537 1264 1604; x_wconf 88' lang='lat' dir='ltr'><strong>nomi·</strong></span> 
     </span>
     <span class='ocr_line' id='line_1_11' title="bbox 4 1638 1261 1730; baseline 0.003 -25"><span class='ocrx_word' id='word_1_89' title='bbox 4 1669 6 1724; x_wconf 58' lang='grc' dir='ltr'>ι</span> <span class='ocrx_word' id='word_1_90' title='bbox 135 1638 188 1707; x_wconf 90' lang='lat' dir='ltr'><strong>nis</strong></span> <span class='ocrx_word' id='word_1_91' title='bbox 218 1638 403 1724; x_wconf 82' lang='lat' dir='ltr'><strong>amplietur,</strong></span> <span class='ocrx_word' id='word_1_92' title='bbox 434 1640 479 1707; x_wconf 89' lang='lat' dir='ltr'><strong>ad</strong></span> <span class='ocrx_word' id='word_1_93' title='bbox 510 1641 706 1710; x_wconf 83' lang='lat' dir='ltr'><strong>instanciam</strong></span> <span class='ocrx_word' id='word_1_94' title='bbox 737 1642 936 1711; x_wconf 85' lang='lat' dir='ltr'><strong>uenerabilis</strong></span> <span class='ocrx_word' id='word_1_95' title='bbox 959 1643 1068 1730; x_wconf 88' lang='lat' dir='ltr'><strong>patris</strong></span> <span class='ocrx_word' id='word_1_96' title='bbox 1099 1642 1261 1730; x_wconf 81' lang='lat' dir='ltr'><strong>Tymotei,</strong></span> 
     </span>
     <span class='ocr_line' id='line_1_12' title="bbox 4 1733 1262 1838; baseline 0.004 -24"><span class='ocrx_word' id='word_1_97' title='bbox 4 1733 6 1832; x_wconf 61' lang='lat' dir='ltr'><strong>f</strong></span> <span class='ocrx_word' id='word_1_98' title='bbox 135 1746 349 1815; x_wconf 84' lang='lat' dir='ltr'><strong>miseracione</strong></span> <span class='ocrx_word' id='word_1_99' title='bbox 380 1746 501 1815; x_wconf 81' lang='lat' dir='ltr'><strong>Divina</strong></span> <span class='ocrx_word' id='word_1_100' title='bbox 533 1749 688 1834; x_wconf 83' lang='lat' dir='ltr'><strong>Episcopi</strong></span> <span class='ocrx_word' id='word_1_101' title='bbox 720 1749 960 1838; x_wconf 88' lang='lat' dir='ltr'><strong>Zagrabiensis,</strong></span> <span class='ocrx_word' id='word_1_102' title='bbox 979 1745 1092 1818; x_wconf 88' lang='lat' dir='ltr'><strong>dilecti</strong></span> <span class='ocrx_word' id='word_1_103' title='bbox 1107 1756 1140 1819; x_wconf 90' lang='lat' dir='ltr'><strong>st</strong></span> <span class='ocrx_word' id='word_1_104' title='bbox 1155 1750 1262 1819; x_wconf 88' lang='lat' dir='ltr'><strong>fidelis</strong></span> 
     </span>
     <span class='ocr_line' id='line_1_13' title="bbox 3 1855 1261 1944; baseline -0.002 -16"><span class='ocrx_word' id='word_1_105' title='bbox 3 1879 5 1928; x_wconf 76' lang='grc' dir='ltr'>ι</span> <span class='ocrx_word' id='word_1_106' title='bbox 134 1855 246 1939; x_wconf 88' lang='lat' dir='ltr'><strong>nostri,</strong></span> <span class='ocrx_word' id='word_1_107' title='bbox 277 1855 342 1923; x_wconf 92' lang='lat' dir='ltr'><strong>iam</strong></span> <span class='ocrx_word' id='word_1_108' title='bbox 359 1855 455 1924; x_wconf 86' lang='lat' dir='ltr'><strong>dictis</strong></span> <span class='ocrx_word' id='word_1_109' title='bbox 471 1855 604 1944; x_wconf 91' lang='lat' dir='ltr'><strong>populis</strong></span> <span class='ocrx_word' id='word_1_110' title='bbox 619 1862 652 1924; x_wconf 89' lang='lat' dir='ltr'><strong>et</strong></span> <span class='ocrx_word' id='word_1_111' title='bbox 667 1855 895 1943; x_wconf 82' lang='lat' dir='ltr'><strong>iobugiouibus</strong></span> <span class='ocrx_word' id='word_1_112' title='bbox 915 1857 986 1927; x_wconf 91' lang='lat' dir='ltr'><strong>suis</strong></span> <span class='ocrx_word' id='word_1_113' title='bbox 1001 1858 1101 1926; x_wconf 86' lang='lat' dir='ltr'><strong>talem</strong></span> <span class='ocrx_word' id='word_1_114' title='bbox 1116 1859 1261 1942; x_wconf 85' lang='lat' dir='ltr'><strong>graciam</strong></span> 
     </span>
     <span class='ocr_line' id='line_1_14' title="bbox 3 1962 1262 2050; baseline 0.002 -18"><span class='ocrx_word' id='word_1_115' title='bbox 3 1971 4 1979; x_wconf 76' lang='grc'>’</span> <span class='ocrx_word' id='word_1_116' title='bbox 134 1971 168 2032; x_wconf 88' lang='lat' dir='ltr'><strong>et</strong></span> <span class='ocrx_word' id='word_1_117' title='bbox 184 1962 441 2032; x_wconf 84' lang='lat' dir='ltr'><strong>misericordiam</strong></span> <span class='ocrx_word' id='word_1_118' title='bbox 465 1962 618 2032; x_wconf 79' lang='lat' dir='ltr'><strong>cinximus</strong></span> <span class='ocrx_word' id='word_1_119' title='bbox 639 1962 824 2032; x_wconf 85' lang='lat' dir='ltr'><strong>faciendam</strong></span> <span class='ocrx_word' id='word_1_120' title='bbox 842 1989 850 2031; x_wconf 78' lang='lat' dir='ltr'><strong>r</strong></span> <span class='ocrx_word' id='word_1_121' title='bbox 869 1964 954 2050; x_wconf 89' lang='lat' dir='ltr'><strong>quod</strong></span> <span class='ocrx_word' id='word_1_122' title='bbox 972 1965 1079 2032; x_wconf 90' lang='lat' dir='ltr'><strong>nullus</strong></span> <span class='ocrx_word' id='word_1_123' title='bbox 1095 1964 1262 2034; x_wconf 77' lang='lat' dir='ltr'><strong>Beronum</strong></span> 
     </span>
     <span class='ocr_line' id='line_1_15' title="bbox 2 2071 1257 2161; baseline 0 -22"><span class='ocrx_word' id='word_1_124' title='bbox 2 2101 3 2108; x_wconf 27' lang='grc' dir='ltr'>ι</span> <span class='ocrx_word' id='word_1_125' title='bbox 132 2079 316 2140; x_wconf 89' lang='lat' dir='ltr'><strong>nostrorum</strong></span> <span class='ocrx_word' id='word_1_126' title='bbox 332 2071 523 2140; x_wconf 82' lang='lat' dir='ltr'><strong>descensum</strong></span> <span class='ocrx_word' id='word_1_127' title='bbox 539 2092 638 2159; x_wconf 90' lang='lat' dir='ltr'><strong>super</strong></span> <span class='ocrx_word' id='word_1_128' title='bbox 654 2072 784 2141; x_wconf 89' lang='lat' dir='ltr'><strong>eosdem</strong></span> <span class='ocrx_word' id='word_1_129' title='bbox 799 2078 988 2161; x_wconf 85' lang='lat' dir='ltr'><strong>presumant</strong></span> <span class='ocrx_word' id='word_1_130' title='bbox 1010 2071 1120 2141; x_wconf 82' lang='lat' dir='ltr'><strong>lacere</strong></span> <span class='ocrx_word' id='word_1_131' title='bbox 1137 2071 1257 2142; x_wconf 84' lang='lat' dir='ltr'><strong>violen</strong></span> 
     </span>
    </p>
   </div>
   <div class='ocr_carea' id='block_1_7' title="bbox 134 2179 1258 2270">
    <p class='ocr_par' dir='ltr' id='par_1_7' title="bbox 134 2179 1258 2270">
     <span class='ocr_line' id='line_1_16' title="bbox 134 2179 1258 2270; baseline 0 -22"><span class='ocrx_word' id='word_1_132' title='bbox 134 2188 213 2270; x_wconf 90' lang='lat' dir='ltr'><strong>tum,</strong></span> <span class='ocrx_word' id='word_1_133' title='bbox 230 2189 262 2248; x_wconf 91' lang='lat' dir='ltr'><strong>ct</strong></span> <span class='ocrx_word' id='word_1_134' title='bbox 272 2189 305 2248; x_wconf 94' lang='lat' dir='ltr'><strong>ut</strong></span> <span class='ocrx_word' id='word_1_135' title='bbox 320 2179 460 2250; x_wconf 82' lang='lat' dir='ltr'><strong>seruicia</strong></span> <span class='ocrx_word' id='word_1_136' title='bbox 473 2200 534 2249; x_wconf 89' lang='lat' dir='ltr'><strong>sua</strong></span> <span class='ocrx_word' id='word_1_137' title='bbox 545 2180 610 2247; x_wconf 86' lang='lat' dir='ltr'><strong>iam</strong></span> <span class='ocrx_word' id='word_1_138' title='bbox 627 2179 712 2249; x_wconf 89' lang='lat' dir='ltr'><strong>dicto</strong></span> <span class='ocrx_word' id='word_1_139' title='bbox 729 2180 906 2250; x_wconf 86' lang='lat' dir='ltr'><strong>venerabili</strong></span> <span class='ocrx_word' id='word_1_140' title='bbox 921 2179 1008 2266; x_wconf 91' lang='lat' dir='ltr'><strong>patri</strong></span> <span class='ocrx_word' id='word_1_141' title='bbox 1024 2179 1144 2266; x_wconf 84' lang='lat' dir='ltr'><strong>debita,</strong></span> <span class='ocrx_word' id='word_1_142' title='bbox 1161 2179 1258 2248; x_wconf 91' lang='lat' dir='ltr'><strong>iidem</strong></span> 
     </span>
    </p>
   </div>
   <div class='ocr_carea' id='block_1_8' title="bbox 2 2287 1260 2378">
    <p class='ocr_par' dir='ltr' id='par_1_8' title="bbox 2 2287 1260 2378">
     <span class='ocr_line' id='line_1_17' title="bbox 2 2287 1260 2378; baseline -0.002 -20"><span class='ocrx_word' id='word_1_143' title='bbox 2 2309 3 2312; x_wconf 71' lang='grc'>’</span> <span class='ocrx_word' id='word_1_144' title='bbox 133 2289 250 2378; x_wconf 90' lang='lat' dir='ltr'><strong>populi</strong></span> <span class='ocrx_word' id='word_1_145' title='bbox 269 2295 311 2359; x_wconf 50' lang='lat' dir='ltr'><strong>ct¹</strong></span> <span class='ocrx_word' id='word_1_146' title='bbox 334 2289 524 2376; x_wconf 89' lang='lat' dir='ltr'><strong>iobagiones</strong></span> <span class='ocrx_word' id='word_1_147' title='bbox 556 2287 688 2357; x_wconf 82' lang='lat' dir='ltr'><strong>facilius</strong></span> <span class='ocrx_word' id='word_1_148' title='bbox 718 2289 908 2376; x_wconf 88' lang='lat' dir='ltr'><strong>impendere</strong></span> <span class='ocrx_word' id='word_1_149' title='bbox 940 2290 1080 2377; x_wconf 87' lang='lat' dir='ltr'><strong>valeant,</strong></span> <span class='ocrx_word' id='word_1_150' title='bbox 1111 2288 1154 2356; x_wconf 82' lang='lat' dir='ltr'><strong>eie</strong></span> <span class='ocrx_word' id='word_1_151' title='bbox 1184 2287 1260 2356; x_wconf 87' lang='lat' dir='ltr'><strong>aliis</strong></span> 
     </span>
    </p>
   </div>
   <div class='ocr_carea' id='block_1_9' title="bbox 59 2393 1261 2808">
    <p class='ocr_par' dir='ltr' id='par_1_9' title="bbox 59 2393 1261 2808">
     <span class='ocr_line' id='line_1_18' title="bbox 134 2393 1258 2484; baseline -0.002 -18"><span class='ocrx_word' id='word_1_152' title='bbox 134 2395 380 2484; x_wconf 86' lang='lat' dir='ltr'><strong>gravaminibus</strong></span> <span class='ocrx_word' id='word_1_153' title='bbox 404 2396 556 2484; x_wconf 87' lang='lat' dir='ltr'><strong>expediti,</strong></span> <span class='ocrx_word' id='word_1_154' title='bbox 586 2397 627 2464; x_wconf 89' lang='lat' dir='ltr'><strong>dc</strong></span> <span class='ocrx_word' id='word_1_155' title='bbox 641 2397 755 2483; x_wconf 84' lang='lat' dir='ltr'><strong>gracia</strong></span> <span class='ocrx_word' id='word_1_156' title='bbox 779 2397 995 2467; x_wconf 86' lang='lat' dir='ltr'><strong>concessimus</strong></span> <span class='ocrx_word' id='word_1_157' title='bbox 1010 2396 1156 2484; x_wconf 87' lang='lat' dir='ltr'><strong>speciali,</strong></span> <span class='ocrx_word' id='word_1_158' title='bbox 1173 2393 1258 2484; x_wconf 81' lang='lat' dir='ltr'><strong>quod</strong></span> 
     </span>
     <span class='ocr_line' id='line_1_19' title="bbox 59 2495 1259 2594; baseline -0.003 -19"><span class='ocrx_word' id='word_1_159' title='bbox 59 2495 64 2500; x_wconf 66' lang='grc'>’</span> <span class='ocrx_word' id='word_1_160' title='bbox 135 2507 276 2575; x_wconf 82' lang='lat' dir='ltr'><strong>Comites</strong></span> <span class='ocrx_word' id='word_1_161' title='bbox 300 2505 341 2574; x_wconf 89' lang='lat' dir='ltr'><strong>de</strong></span> <span class='ocrx_word' id='word_1_162' title='bbox 364 2505 480 2593; x_wconf 86' lang='lat' dir='ltr'><strong>Vrbsz,</strong></span> <span class='ocrx_word' id='word_1_163' title='bbox 512 2505 565 2572; x_wconf 86' lang='lat' dir='ltr'><strong>uel</strong></span> <span class='ocrx_word' id='word_1_164' title='bbox 581 2505 729 2574; x_wconf 76' lang='lat' dir='ltr'><strong>curiales</strong></span> <span class='ocrx_word' id='word_1_165' title='bbox 746 2505 886 2575; x_wconf 75' lang='lat' dir='ltr'><strong>Comites</strong></span> <span class='ocrx_word' id='word_1_166' title='bbox 905 2505 1061 2594; x_wconf 89' lang='lat' dir='ltr'><strong>eiusdem,</strong></span> <span class='ocrx_word' id='word_1_167' title='bbox 1092 2525 1150 2592; x_wconf 92' lang='lat' dir='ltr'><strong>pro</strong></span> <span class='ocrx_word' id='word_1_168' title='bbox 1181 2510 1259 2573; x_wconf 88' lang='lat' dir='ltr'><strong>tem·</strong></span> 
     </span>
     <span class='ocr_line' id='line_1_20' title="bbox 131 2611 1261 2704; baseline -0.001 -21"><span class='ocrx_word' id='word_1_169' title='bbox 131 2635 213 2704; x_wconf 90' lang='lat' dir='ltr'><strong>pore</strong></span> <span class='ocrx_word' id='word_1_170' title='bbox 228 2613 406 2700; x_wconf 90' lang='lat' dir='ltr'><strong>constituti,</strong></span> <span class='ocrx_word' id='word_1_171' title='bbox 436 2613 472 2681; x_wconf 92' lang='lat' dir='ltr'><strong>in</strong></span> <span class='ocrx_word' id='word_1_172' title='bbox 503 2613 571 2681; x_wconf 92' lang='lat' dir='ltr'><strong>ullo</strong></span> <span class='ocrx_word' id='word_1_173' title='bbox 603 2633 681 2682; x_wconf 85' lang='lat' dir='ltr'><strong>casu</strong></span> <span class='ocrx_word' id='word_1_174' title='bbox 697 2611 828 2683; x_wconf 84' lang='lat' dir='ltr'><strong>eosdem</strong></span> <span class='ocrx_word' id='word_1_175' title='bbox 847 2614 979 2683; x_wconf 86' lang='lat' dir='ltr'><strong>valcant</strong></span> <span class='ocrx_word' id='word_1_176' title='bbox 994 2613 1150 2698; x_wconf 86' lang='lat' dir='ltr'><strong>iudicare,</strong></span> <span class='ocrx_word' id='word_1_177' title='bbox 1164 2620 1261 2700; x_wconf 89' lang='lat' dir='ltr'><strong>prout</strong></span> 
     </span>
     <span class='ocr_line' id='line_1_21' title="bbox 134 2720 1261 2808; baseline -0.006 -14"><span class='ocrx_word' id='word_1_178' title='bbox 134 2725 269 2794; x_wconf 84' lang='lat' dir='ltr'><strong>libertas</strong></span> <span class='ocrx_word' id='word_1_179' title='bbox 300 2723 438 2791; x_wconf 86' lang='lat' dir='ltr'><strong>aliorum</strong></span> <span class='ocrx_word' id='word_1_180' title='bbox 469 2721 664 2807; x_wconf 89' lang='lat' dir='ltr'><strong>populorum</strong></span> <span class='ocrx_word' id='word_1_181' title='bbox 695 2720 838 2790; x_wconf 84' lang='lat' dir='ltr'><strong>eiusdem</strong></span> <span class='ocrx_word' id='word_1_182' title='bbox 878 2721 1076 2790; x_wconf 86' lang='lat' dir='ltr'><strong>venerabilis</strong></span> <span class='ocrx_word' id='word_1_183' title='bbox 1106 2722 1210 2808; x_wconf 86' lang='lat' dir='ltr'><strong>petris</strong></span> <span class='ocrx_word' id='word_1_184' title='bbox 1225 2720 1261 2790; x_wconf 85' lang='lat' dir='ltr'><strong>id</strong></span> 
     </span>
    </p>
   </div>
   <div class='ocr_carea' id='block_1_10' title="bbox 1 2822 1295 2920">
    <p class='ocr_par' dir='ltr' id='par_1_10' title="bbox 1 2822 1295 2920">
     <span class='ocr_line' id='line_1_22' title="bbox 1 2822 1295 2920; baseline 0 -22"><span class='ocrx_word' id='word_1_185' title='bbox 1 2875 2 2898; x_wconf 55' lang='grc' dir='ltr'>ι</span> <span class='ocrx_word' id='word_1_186' title='bbox 131 2831 279 2920; x_wconf 86' lang='lat' dir='ltr'><strong>requirit,</strong></span> <span class='ocrx_word' id='word_1_187' title='bbox 312 2849 384 2898; x_wconf 92' lang='lat' dir='ltr'><strong>oum</strong></span> <span class='ocrx_word' id='word_1_188' title='bbox 415 2828 505 2915; x_wconf 90' lang='lat' dir='ltr'><strong>ipsos</strong></span> <span class='ocrx_word' id='word_1_189' title='bbox 536 2827 695 2898; x_wconf 85' lang='lat' dir='ltr'><strong>aiudicio</strong></span> <span class='ocrx_word' id='word_1_190' title='bbox 720 2827 927 2898; x_wconf 87' lang='lat' dir='ltr'><strong>Parochialis</strong></span> <span class='ocrx_word' id='word_1_191' title='bbox 956 2827 1091 2897; x_wconf 78' lang='lat' dir='ltr'><strong>Comitis</strong></span> <span class='ocrx_word' id='word_1_192' title='bbox 1122 2830 1254 2898; x_wconf 90' lang='lat' dir='ltr'><strong>omnino</strong></span> <span class='ocrx_word' id='word_1_193' title='bbox 1294 2822 1295 2828; x_wconf 65' lang='grc'>’</span> 
     </span>
    </p>
   </div>
   <div class='ocr_carea' id='block_1_11' title="bbox 133 2934 1261 3040">
    <p class='ocr_par' dir='ltr' id='par_1_11' title="bbox 1 2903 1261 3040">
     <span class='ocr_line' id='line_1_23' title="bbox 133 2934 1261 3040; baseline -0.004 -30.524"><span class='ocrx_word' id='word_1_194' title='bbox 133 2940 314 3010; x_wconf 80' lang='lat' dir='ltr'><strong>eximentes</strong></span> <span class='ocrx_word' id='word_1_195' title='bbox 330 2945 439 3006; x_wconf 91' lang='lat' dir='ltr'><strong>nostro</strong></span> <span class='ocrx_word' id='word_1_196' title='bbox 455 2943 488 3005; x_wconf 90' lang='lat' dir='ltr'><strong>et</strong></span> <span class='ocrx_word' id='word_1_197' title='bbox 504 2935 648 3005; x_wconf 88' lang='lat' dir='ltr'><strong>eiusdem</strong></span> <span class='ocrx_word' id='word_1_198' title='bbox 664 2936 816 3024; x_wconf 84' lang='lat' dir='ltr'><strong>Episcopi</strong></span> <span class='ocrx_word' id='word_1_199' title='bbox 842 2935 963 3004; x_wconf 86' lang='lat' dir='ltr'><strong>iudicio</strong></span> <span class='ocrx_word' id='word_1_200' title='bbox 988 2934 1180 3040; x_wconf 28' lang='lat' dir='ltr'><strong>duxerimus·</strong></span> <span class='ocrx_word' id='word_1_201' title='bbox 1201 2958 1261 3023; x_wconf 92' lang='lat' dir='ltr'><strong>per</strong></span> 
     </span>
    </p>
   </div>
   <div class='ocr_carea' id='block_1_12' title="bbox 1 3042 1260 3237">
    <p class='ocr_par' dir='ltr' id='par_1_12' title="bbox 1 3042 1260 3237">
     <span class='ocr_line' id='line_1_24' title="bbox 1 3042 1260 3141; baseline -0.005 -23"><span class='ocrx_word' id='word_1_202' title='bbox 1 3058 2 3141; x_wconf 43' lang='lat' dir='ltr'><strong>q</strong></span> <span class='ocrx_word' id='word_1_203' title='bbox 133 3049 245 3117; x_wconf 88' lang='lat' dir='ltr'><strong>omniu</strong></span> <span class='ocrx_word' id='word_1_204' title='bbox 276 3044 511 3130; x_wconf 73' lang='lat' dir='ltr'><strong>reseruandos,</strong></span> <span class='ocrx_word' id='word_1_205' title='bbox 534 3045 582 3112; x_wconf 87' lang='lat' dir='ltr'><strong>ita</strong></span> <span class='ocrx_word' id='word_1_206' title='bbox 612 3042 774 3132; x_wconf 86' lang='lat' dir='ltr'><strong>videlicet,</strong></span> <span class='ocrx_word' id='word_1_207' title='bbox 806 3042 935 3127; x_wconf 90' lang='lat' dir='ltr'><strong>quodsi</strong></span> <span class='ocrx_word' id='word_1_208' title='bbox 951 3042 1057 3111; x_wconf 89' lang='lat' dir='ltr'><strong>dictus</strong></span> <span class='ocrx_word' id='word_1_209' title='bbox 1077 3042 1260 3130; x_wconf 83' lang='lat' dir='ltr'><strong>Episcopus</strong></span> 
     </span>
     <span class='ocr_line' id='line_1_25' title="bbox 1 3150 1258 3237; baseline -0.005 -11"><span class='ocrx_word' id='word_1_210' title='bbox 1 3167 2 3186; x_wconf 66' lang='lat'>¹</span> <span class='ocrx_word' id='word_1_211' title='bbox 133 3159 169 3226; x_wconf 91' lang='lat' dir='ltr'><strong>in</strong></span> <span class='ocrx_word' id='word_1_212' title='bbox 193 3154 361 3224; x_wconf 86' lang='lat' dir='ltr'><strong>reddenda</strong></span> <span class='ocrx_word' id='word_1_213' title='bbox 390 3153 519 3221; x_wconf 90' lang='lat' dir='ltr'><strong>iusticia</strong></span> <span class='ocrx_word' id='word_1_214' title='bbox 549 3151 794 3236; x_wconf 86' lang='lat' dir='ltr'><strong>querelantibus</strong></span> <span class='ocrx_word' id='word_1_215' title='bbox 826 3157 939 3219; x_wconf 85' lang='lat' dir='ltr'><strong>contra</strong></span> <span class='ocrx_word' id='word_1_216' title='bbox 969 3152 1059 3236; x_wconf 90' lang='lat' dir='ltr'><strong>ipsos</strong></span> <span class='ocrx_word' id='word_1_217' title='bbox 1084 3150 1258 3237; x_wconf 83' lang='lat' dir='ltr'><strong>negligens</strong></span> 
     </span>
    </p>
   </div>
   <div class='ocr_carea' id='block_1_13' title="bbox 132 3258 1260 3563">
    <p class='ocr_par' dir='ltr' id='par_1_13' title="bbox 132 3258 1260 3563">
     <span class='ocr_line' id='line_1_26' title="bbox 132 3258 1258 3348; baseline -0.005 -14"><span class='ocrx_word' id='word_1_218' title='bbox 132 3265 231 3334; x_wconf 84' lang='lat' dir='ltr'><strong>luerit</strong></span> <span class='ocrx_word' id='word_1_219' title='bbox 260 3281 300 3330; x_wconf 86' lang='lat' dir='ltr'><strong>ac</strong></span> <span class='ocrx_word' id='word_1_220' title='bbox 330 3261 494 3346; x_wconf 88' lang='lat' dir='ltr'><strong>remissus,</strong></span> <span class='ocrx_word' id='word_1_221' title='bbox 525 3266 644 3328; x_wconf 87' lang='lat' dir='ltr'><strong>extunc</strong></span> <span class='ocrx_word' id='word_1_222' title='bbox 675 3258 760 3327; x_wconf 90' lang='lat' dir='ltr'><strong>idem</strong></span> <span class='ocrx_word' id='word_1_223' title='bbox 793 3260 986 3346; x_wconf 83' lang='lat' dir='ltr'><strong>Episcopus,</strong></span> <span class='ocrx_word' id='word_1_224' title='bbox 1014 3265 1046 3328; x_wconf 89' lang='lat' dir='ltr'><strong>et</strong></span> <span class='ocrx_word' id='word_1_225' title='bbox 1062 3281 1128 3328; x_wconf 94' lang='lat' dir='ltr'><strong>non</strong></span> <span class='ocrx_word' id='word_1_226' title='bbox 1144 3263 1258 3348; x_wconf 89' lang='lat' dir='ltr'><strong>populi</strong></span> 
     </span>
     <span class='ocr_line' id='line_1_27' title="bbox 133 3367 1260 3458; baseline -0.004 -16"><span class='ocrx_word' id='word_1_227' title='bbox 133 3396 195 3443; x_wconf 91' lang='lat' dir='ltr'><strong>nec</strong></span> <span class='ocrx_word' id='word_1_228' title='bbox 211 3371 404 3458; x_wconf 87' lang='lat' dir='ltr'><strong>iobagiones</strong></span> <span class='ocrx_word' id='word_1_229' title='bbox 420 3371 472 3438; x_wconf 92' lang='lat' dir='ltr'><strong>sni</strong></span> <span class='ocrx_word' id='word_1_230' title='bbox 492 3367 686 3457; x_wconf 89' lang='lat' dir='ltr'><strong>supradicti,</strong></span> <span class='ocrx_word' id='word_1_231' title='bbox 711 3367 755 3435; x_wconf 88' lang='lat' dir='ltr'><strong>ad</strong></span> <span class='ocrx_word' id='word_1_232' title='bbox 782 3377 927 3437; x_wconf 85' lang='lat' dir='ltr'><strong>nostram</strong></span> <span class='ocrx_word' id='word_1_233' title='bbox 953 3367 1104 3436; x_wconf 86' lang='lat' dir='ltr'><strong>citabitur</strong></span> <span class='ocrx_word' id='word_1_234' title='bbox 1128 3389 1260 3455; x_wconf 85' lang='lat' dir='ltr'><strong>presen-</strong></span> 
     </span>
     <span class='ocr_line' id='line_1_28' title="bbox 133 3473 1260 3563; baseline -0.003 -14"><span class='ocrx_word' id='word_1_235' title='bbox 133 3483 220 3550; x_wconf 89' lang='lat' dir='ltr'><strong>ciam</strong></span> <span class='ocrx_word' id='word_1_236' title='bbox 236 3479 280 3547; x_wconf 86' lang='lat' dir='ltr'><strong>ad</strong></span> <span class='ocrx_word' id='word_1_237' title='bbox 297 3479 466 3547; x_wconf 86' lang='lat' dir='ltr'><strong>terminum</strong></span> <span class='ocrx_word' id='word_1_238' title='bbox 482 3483 724 3562; x_wconf 89' lang='lat' dir='ltr'><strong>competentem.</strong></span> <span class='ocrx_word' id='word_1_239' title='bbox 742 3473 787 3542; x_wconf 90' lang='lat' dir='ltr'><strong>Ut</strong></span> <span class='ocrx_word' id='word_1_240' title='bbox 803 3476 901 3563; x_wconf 89' lang='lat' dir='ltr'><strong>igitur</strong></span> <span class='ocrx_word' id='word_1_241' title='bbox 914 3477 976 3544; x_wconf 90' lang='lat' dir='ltr'><strong>hec</strong></span> <span class='ocrx_word' id='word_1_242' title='bbox 992 3482 1104 3545; x_wconf 87' lang='lat' dir='ltr'><strong>nostre</strong></span> <span class='ocrx_word' id='word_1_243' title='bbox 1130 3497 1260 3546; x_wconf 87' lang='lat' dir='ltr'><strong>conces-</strong></span> 
     </span>
    </p>
   </div>
   <div class='ocr_carea' id='block_1_14' title="bbox 1 3581 1260 3785">
    <p class='ocr_par' dir='ltr' id='par_1_14' title="bbox 1 3565 1260 3785">
     <span class='ocr_line' id='line_1_29' title="bbox 1 3581 1260 3672; baseline -0.006 -12"><span class='ocrx_word' id='word_1_244' title='bbox 1 3581 3 3621; x_wconf 68' lang='lat'><em>*</em></span> <span class='ocrx_word' id='word_1_245' title='bbox 132 3589 237 3660; x_wconf 90' lang='lat' dir='ltr'><strong>sionis</strong></span> <span class='ocrx_word' id='word_1_246' title='bbox 268 3588 370 3655; x_wconf 88' lang='lat' dir='ltr'><strong>series</strong></span> <span class='ocrx_word' id='word_1_247' title='bbox 396 3589 495 3656; x_wconf 87' lang='lat' dir='ltr'><strong>robur</strong></span> <span class='ocrx_word' id='word_1_248' title='bbox 526 3585 671 3652; x_wconf 87' lang='lat' dir='ltr'><strong>obtineat</strong></span> <span class='ocrx_word' id='word_1_249' title='bbox 711 3592 866 3672; x_wconf 86' lang='lat' dir='ltr'><strong>perpetue</strong></span> <span class='ocrx_word' id='word_1_250' title='bbox 906 3585 1079 3669; x_wconf 89' lang='lat' dir='ltr'><strong>firmitatis,</strong></span> <span class='ocrx_word' id='word_1_251' title='bbox 1110 3605 1170 3653; x_wconf 86' lang='lat' dir='ltr'><strong>nec</strong></span> <span class='ocrx_word' id='word_1_252' title='bbox 1199 3605 1260 3672; x_wconf 87' lang='lat' dir='ltr'><strong>per</strong></span> 
     </span>
     <span class='ocr_line' id='line_1_30' title="bbox 1 3691 1258 3785; baseline -0.003 -21"><span class='ocrx_word' id='word_1_253' title='bbox 1 3692 2 3764; x_wconf 74' lang='lat' dir='ltr'><strong>j</strong></span> <span class='ocrx_word' id='word_1_254' title='bbox 133 3698 317 3785; x_wconf 88' lang='lat' dir='ltr'><strong>quempiam</strong></span> <span class='ocrx_word' id='word_1_255' title='bbox 333 3711 486 3782; x_wconf 89' lang='lat' dir='ltr'><strong>processu</strong></span> <span class='ocrx_word' id='word_1_256' title='bbox 502 3699 682 3778; x_wconf 88' lang='lat' dir='ltr'><strong>temporum</strong></span> <span class='ocrx_word' id='word_1_257' title='bbox 697 3691 869 3759; x_wconf 87' lang='lat' dir='ltr'><strong>retractari</strong></span> <span class='ocrx_word' id='word_1_258' title='bbox 886 3694 996 3761; x_wconf 85' lang='lat' dir='ltr'><strong>ualeat</strong></span> <span class='ocrx_word' id='word_1_259' title='bbox 1012 3698 1067 3760; x_wconf 87' lang='lat' dir='ltr'><strong>aut</strong></span> <span class='ocrx_word' id='word_1_260' title='bbox 1079 3693 1111 3760; x_wconf 93' lang='lat' dir='ltr'><strong>in</strong></span> <span class='ocrx_word' id='word_1_261' title='bbox 1127 3693 1258 3762; x_wconf 90' lang='lat' dir='ltr'><strong>irritum</strong></span> 
     </span>
    </p>
   </div>
   <div class='ocr_carea' id='block_1_15' title="bbox 134 3799 1260 4000">
    <p class='ocr_par' dir='ltr' id='par_1_15' title="bbox 134 3799 1260 4000">
     <span class='ocr_line' id='line_1_31' title="bbox 134 3799 1260 3894; baseline -0.005 -19"><span class='ocrx_word' id='word_1_262' title='bbox 134 3804 359 3894; x_wconf 85' lang='lat' dir='ltr'><strong>quoquomodo</strong></span> <span class='ocrx_word' id='word_1_263' title='bbox 376 3800 530 3889; x_wconf 86' lang='lat' dir='ltr'><strong>revocari,</strong></span> <span class='ocrx_word' id='word_1_264' title='bbox 546 3805 714 3887; x_wconf 88' lang='lat' dir='ltr'><strong>presentes</strong></span> <span class='ocrx_word' id='word_1_265' title='bbox 729 3800 948 3868; x_wconf 88' lang='lat' dir='ltr'><strong>concessimus</strong></span> <span class='ocrx_word' id='word_1_266' title='bbox 972 3801 1095 3870; x_wconf 85' lang='lat' dir='ltr'><strong>litterar</strong></span> <span class='ocrx_word' id='word_1_267' title='bbox 1120 3799 1260 3885; x_wconf 87' lang='lat' dir='ltr'><strong>duplicis</strong></span> 
     </span>
     <span class='ocr_line' id='line_1_32' title="bbox 134 3908 1260 4000; baseline -0.009 -16"><span class='ocrx_word' id='word_1_268' title='bbox 134 3914 236 4000; x_wconf 83' lang='lat' dir='ltr'><strong>sigilli</strong></span> <span class='ocrx_word' id='word_1_269' title='bbox 252 3911 355 3980; x_wconf 91' lang='lat' dir='ltr'><strong>nostri</strong></span> <span class='ocrx_word' id='word_1_270' title='bbox 371 3908 547 3978; x_wconf 90' lang='lat' dir='ltr'><strong>munimine</strong></span> <span class='ocrx_word' id='word_1_271' title='bbox 564 3911 743 3978; x_wconf 88' lang='lat' dir='ltr'><strong>roboratas.</strong></span> <span class='ocrx_word' id='word_1_272' title='bbox 759 3909 879 3976; x_wconf 87' lang='lat' dir='ltr'><strong>Datum</strong></span> <span class='ocrx_word' id='word_1_273' title='bbox 894 3928 951 3997; x_wconf 91' lang='lat' dir='ltr'><strong>per</strong></span> <span class='ocrx_word' id='word_1_274' title='bbox 966 3928 1084 3977; x_wconf 88' lang='lat' dir='ltr'><strong>manus</strong></span> <span class='ocrx_word' id='word_1_275' title='bbox 1109 3909 1260 3995; x_wconf 85' lang='lat' dir='ltr'><strong>Magistri</strong></span> 
     </span>
    </p>
   </div>
   <div class='ocr_carea' id='block_1_16' title="bbox 1 4015 1261 4318">
    <p class='ocr_par' dir='ltr' id='par_1_16' title="bbox 1 4015 1261 4318">
     <span class='ocr_line' id='line_1_33' title="bbox 1 4015 1261 4124; baseline -0.006 -33"><span class='ocrx_word' id='word_1_276' title='bbox 1 4093 2 4124; x_wconf 15' lang='grc' dir='ltr'>ζ</span> <span class='ocrx_word' id='word_1_277' title='bbox 134 4020 292 4091; x_wconf 87' lang='lat' dir='ltr'><strong>Demetrii</strong></span> <span class='ocrx_word' id='word_1_278' title='bbox 320 4017 483 4105; x_wconf 87' lang='lat' dir='ltr'><strong>Prepesiti</strong></span> <span class='ocrx_word' id='word_1_279' title='bbox 513 4015 677 4099; x_wconf 88' lang='lat' dir='ltr'><strong>Albensis,</strong></span> <span class='ocrx_word' id='word_1_280' title='bbox 722 4015 799 4083; x_wconf 70' lang='lat' dir='ltr'><strong>aule</strong></span> <span class='ocrx_word' id='word_1_281' title='bbox 841 4021 948 4083; x_wconf 89' lang='lat' dir='ltr'><strong>nostre</strong></span> <span class='ocrx_word' id='word_1_282' title='bbox 980 4015 1261 4106; x_wconf 81' lang='lat' dir='ltr'><strong>vicecancellarii,</strong></span> 
     </span>
     <span class='ocr_line' id='line_1_34' title="bbox 1 4123 1259 4212; baseline -0.005 -14"><span class='ocrx_word' id='word_1_283' title='bbox 1 4145 2 4153; x_wconf 53' lang='lat'>¹</span> <span class='ocrx_word' id='word_1_284' title='bbox 132 4129 245 4198; x_wconf 88' lang='lat' dir='ltr'><strong>dilecti</strong></span> <span class='ocrx_word' id='word_1_285' title='bbox 260 4135 294 4196; x_wconf 91' lang='lat' dir='ltr'><strong>et</strong></span> <span class='ocrx_word' id='word_1_286' title='bbox 308 4127 414 4196; x_wconf 85' lang='lat' dir='ltr'><strong>fidelis</strong></span> <span class='ocrx_word' id='word_1_287' title='bbox 429 4125 532 4193; x_wconf 89' lang='lat' dir='ltr'><strong>nostri</strong></span> <span class='ocrx_word' id='word_1_288' title='bbox 548 4143 635 4191; x_wconf 91' lang='lat' dir='ltr'><strong>anno</strong></span> <span class='ocrx_word' id='word_1_289' title='bbox 653 4123 784 4192; x_wconf 90' lang='lat' dir='ltr'><strong>Domini</strong></span> <span class='ocrx_word' id='word_1_290' title='bbox 801 4123 1008 4194; x_wconf 80' lang='lat' dir='ltr'>EOOLXIX.</span> <span class='ocrx_word' id='word_1_291' title='bbox 1024 4127 1130 4212; x_wconf 89' lang='lat' dir='ltr'><strong>Regni</strong></span> <span class='ocrx_word' id='word_1_292' title='bbox 1148 4131 1259 4194; x_wconf 87' lang='lat' dir='ltr'><strong>autem</strong></span> 
     </span>
     <span class='ocr_line' id='line_1_35' title="bbox 1 4235 595 4318; baseline -0.013 -10"><span class='ocrx_word' id='word_1_293' title='bbox 1 4263 2 4266; x_wconf 44' lang='lat'>¹</span> <span class='ocrx_word' id='word_1_294' title='bbox 135 4236 237 4308; x_wconf 90' lang='lat' dir='ltr'><strong>nostri</strong></span> <span class='ocrx_word' id='word_1_295' title='bbox 253 4256 340 4306; x_wconf 90' lang='lat' dir='ltr'><strong>anno</strong></span> <span class='ocrx_word' id='word_1_296' title='bbox 355 4235 453 4303; x_wconf 86' lang='lat' dir='ltr'><strong>XXX</strong></span> <span class='ocrx_word' id='word_1_297' title='bbox 469 4240 595 4318; x_wconf 89' lang='lat' dir='ltr'><strong>quarto.</strong></span> 
     </span>
    </p>
   </div>
   <div class='ocr_carea' id='block_1_17' title="bbox 219 4432 1190 4503">
    <p class='ocr_par' dir='ltr' id='par_1_17' title="bbox 219 4432 1190 4503">
     <span class='ocr_line' id='line_1_36' title="bbox 219 4432 1190 4503; baseline -0.002 -15"><span class='ocrx_word' id='word_1_298' title='bbox 219 4435 379 4503; x_wconf 76' lang='lat' dir='ltr'><strong>(nearestcs,</strong></span> <span class='ocrx_word' id='word_1_299' title='bbox 399 4435 522 4486; x_wconf 82' lang='lat' dir='ltr'><strong>Menum.</strong></span> <span class='ocrx_word' id='word_1_300' title='bbox 546 4434 610 4485; x_wconf 90' lang='lat' dir='ltr'><strong>hist.</strong></span> <span class='ocrx_word' id='word_1_301' title='bbox 629 4432 721 4498; x_wconf 86' lang='lat' dir='ltr'><strong>Episc.</strong></span> <span class='ocrx_word' id='word_1_302' title='bbox 740 4433 935 4500; x_wconf 79' lang='lat' dir='ltr'><strong>Eagrabiensis</strong></span> <span class='ocrx_word' id='word_1_303' title='bbox 954 4435 976 4486; x_wconf 93' lang='lat'><strong>1.</strong></span> <span class='ocrx_word' id='word_1_304' title='bbox 995 4435 1054 4486; x_wconf 80' lang='lat' dir='ltr'><strong>ki&#39;rt.</strong></span> <span class='ocrx_word' id='word_1_305' title='bbox 1077 4437 1135 4488; x_wconf 77' lang='lat'>146.</span> <span class='ocrx_word' id='word_1_306' title='bbox 1159 4434 1190 4502; x_wconf 91' lang='lat'><strong>1.)</strong></span> 
     </span>
    </p>
   </div>
   <div class='ocr_carea' id='block_1_18' title="bbox 0 0 1608 5184">
    <p class='ocr_par' dir='ltr' id='par_1_18' title="bbox 0 0 1608 5184">
     <span class='ocr_line' id='line_1_37' title="bbox 0 0 1608 5184; baseline 0 0"><span class='ocrx_word' id='word_1_307' title='bbox 0 0 1608 5184; x_wconf 95' lang='lat' dir='ltr'><strong> </strong></span> 
     </span>
    </p>
   </div>
  </div>
 </body>
</html>
