<?xml version="1.0" encoding="UTF-8"?>
<!DOCTYPE html PUBLIC "-//W3C//DTD XHTML 1.0 Transitional//EN"
    "http://www.w3.org/TR/xhtml1/DTD/xhtml1-transitional.dtd">
<html xmlns="http://www.w3.org/1999/xhtml" xml:lang="en" lang="en">
 <head>
  <title>
</title>
<meta http-equiv="Content-Type" content="text/html;charset=utf-8" />
  <meta name='ocr-system' content='tesseract 3.04.00' />
  <meta name='ocr-capabilities' content='ocr_page ocr_carea ocr_par ocr_line ocrx_word'/>
</head>
<body>
  <div class='ocr_page' id='page_1' title='image "./codexdiplomatic01wenzgoog_0465.png"; bbox 0 0 3116 5178; ppageno 0'>
   <div class='ocr_carea' id='block_1_1' title="bbox 516 445 679 546">
    <p class='ocr_par' dir='ltr' id='par_1_1' title="bbox 516 445 679 546">
     <span class='ocr_line' id='line_1_1' title="bbox 516 445 679 546; baseline -0.006 -32"><span class='ocrx_word' id='word_1_1' title='bbox 516 445 679 546; x_wconf 41' lang='lat' dir='ltr'>„par-</span> 
     </span>
    </p>
   </div>
   <div class='ocr_carea' id='block_1_2' title="bbox 1 640 1162 3843">
    <p class='ocr_par' dir='ltr' id='par_1_2' title="bbox 0 640 1162 3843">
     <span class='ocr_line' id='line_1_2' title="bbox 1 640 1160 736; baseline 0.005 -26"><span class='ocrx_word' id='word_1_2' title='bbox 1 641 146 730; x_wconf 52' lang='lat' dir='ltr'>,Blasey</span> <span class='ocrx_word' id='word_1_3' title='bbox 164 640 256 711; x_wconf 84' lang='lat' dir='ltr'>vadit</span> <span class='ocrx_word' id='word_1_4' title='bbox 270 641 420 729; x_wconf 82' lang='lat' dir='ltr'>superius</span> <span class='ocrx_word' id='word_1_5' title='bbox 434 641 477 711; x_wconf 88' lang='lat' dir='ltr'>ad</span> <span class='ocrx_word' id='word_1_6' title='bbox 494 650 594 729; x_wconf 83' lang='lat' dir='ltr'>eaput</span> <span class='ocrx_word' id='word_1_7' title='bbox 608 642 753 712; x_wconf 86' lang='lat' dir='ltr'>eiusdem</span> <span class='ocrx_word' id='word_1_8' title='bbox 769 643 825 711; x_wconf 90' lang='lat' dir='ltr'>ubi</span> <span class='ocrx_word' id='word_1_9' title='bbox 835 650 885 714; x_wconf 88' lang='lat' dir='ltr'>est</span> <span class='ocrx_word' id='word_1_10' title='bbox 902 649 1055 716; x_wconf 85' lang='lat' dir='ltr'>metasub</span> <span class='ocrx_word' id='word_1_11' title='bbox 1067 647 1160 736; x_wconf 81' lang='lat' dir='ltr'>piro;</span> 
     </span>
     <span class='ocr_line' id='line_1_3' title="bbox 15 750 1160 840; baseline 0.003 -18"><span class='ocrx_word' id='word_1_12' title='bbox 15 751 163 822; x_wconf 78' lang='lat' dir='ltr'>indeed</span> <span class='ocrx_word' id='word_1_13' title='bbox 181 759 300 817; x_wconf 86' lang='lat' dir='ltr'>metam</span> <span class='ocrx_word' id='word_1_14' title='bbox 316 750 415 837; x_wconf 87' lang='lat' dir='ltr'>Petri,</span> <span class='ocrx_word' id='word_1_15' title='bbox 431 750 491 817; x_wconf 88' lang='lat' dir='ltr'>filii</span> <span class='ocrx_word' id='word_1_16' title='bbox 506 751 677 840; x_wconf 69' lang='lat' dir='ltr'>Berizla53</span> <span class='ocrx_word' id='word_1_17' title='bbox 703 751 822 820; x_wconf 89' lang='lat' dir='ltr'>deinde</span> <span class='ocrx_word' id='word_1_18' title='bbox 849 773 909 840; x_wconf 90' lang='lat' dir='ltr'>per</span> <span class='ocrx_word' id='word_1_19' title='bbox 938 762 1041 822; x_wconf 87' lang='lat' dir='ltr'>metas</span> <span class='ocrx_word' id='word_1_20' title='bbox 1076 757 1160 825; x_wconf 89' lang='lat' dir='ltr'>eius·</span> 
     </span>
     <span class='ocr_line' id='line_1_4' title="bbox 17 855 1156 942; baseline 0.005 -16"><span class='ocrx_word' id='word_1_21' title='bbox 17 857 93 927; x_wconf 83' lang='lat' dir='ltr'>dem</span> <span class='ocrx_word' id='word_1_22' title='bbox 126 858 221 926; x_wconf 88' lang='lat' dir='ltr'>Petri</span> <span class='ocrx_word' id='word_1_23' title='bbox 251 855 454 924; x_wconf 79' lang='lat' dir='ltr'>descendens</span> <span class='ocrx_word' id='word_1_24' title='bbox 484 856 573 924; x_wconf 85' lang='lat' dir='ltr'>uadit</span> <span class='ocrx_word' id='word_1_25' title='bbox 598 857 633 924; x_wconf 92' lang='lat' dir='ltr'>in</span> <span class='ocrx_word' id='word_1_26' title='bbox 649 857 829 942; x_wconf 79' lang='lat' dir='ltr'>predictum</span> <span class='ocrx_word' id='word_1_27' title='bbox 846 861 985 928; x_wconf 85' lang='lat' dir='ltr'>rivulum</span> <span class='ocrx_word' id='word_1_28' title='bbox 1001 864 1156 932; x_wconf 86' lang='lat' dir='ltr'>Zaburna</span> 
     </span>
     <span class='ocr_line' id='line_1_5' title="bbox 19 963 1162 1052; baseline 0.001 -16"><span class='ocrx_word' id='word_1_29' title='bbox 19 968 139 1052; x_wconf 83' lang='lat' dir='ltr'>ibique</span> <span class='ocrx_word' id='word_1_30' title='bbox 176 964 377 1034; x_wconf 84' lang='lat' dir='ltr'>terminatur.</span> <span class='ocrx_word' id='word_1_31' title='bbox 409 966 491 1031; x_wconf 89' lang='lat' dir='ltr'>Item</span> <span class='ocrx_word' id='word_1_32' title='bbox 522 963 630 1050; x_wconf 87' lang='lat' dir='ltr'>prima</span> <span class='ocrx_word' id='word_1_33' title='bbox 661 972 748 1033; x_wconf 85' lang='lat' dir='ltr'>meta</span> <span class='ocrx_word' id='word_1_34' title='bbox 763 966 902 1035; x_wconf 86' lang='lat' dir='ltr'>alterius</span> <span class='ocrx_word' id='word_1_35' title='bbox 918 975 1000 1035; x_wconf 88' lang='lat' dir='ltr'>terro</span> <span class='ocrx_word' id='word_1_36' title='bbox 1017 970 1162 1039; x_wconf 89' lang='lat' dir='ltr'>eiusdem</span> 
     </span>
     <span class='ocr_line' id='line_1_6' title="bbox 18 1070 1156 1164; baseline 0 -20"><span class='ocrx_word' id='word_1_37' title='bbox 18 1075 213 1161; x_wconf 84' lang='lat' dir='ltr'>Weloheta,</span> <span class='ocrx_word' id='word_1_38' title='bbox 230 1072 359 1142; x_wconf 91' lang='lat' dir='ltr'>nomine</span> <span class='ocrx_word' id='word_1_39' title='bbox 374 1070 518 1159; x_wconf 86' lang='lat' dir='ltr'>Dedeuh,</span> <span class='ocrx_word' id='word_1_40' title='bbox 545 1093 642 1159; x_wconf 85' lang='lat' dir='ltr'>quam</span> <span class='ocrx_word' id='word_1_41' title='bbox 658 1073 757 1142; x_wconf 89' lang='lat' dir='ltr'>habet</span> <span class='ocrx_word' id='word_1_42' title='bbox 772 1075 862 1142; x_wconf 84' lang='lat' dir='ltr'>iuxta</span> <span class='ocrx_word' id='word_1_43' title='bbox 879 1081 1001 1142; x_wconf 85' lang='lat' dir='ltr'>terram</span> <span class='ocrx_word' id='word_1_44' title='bbox 1017 1078 1156 1164; x_wconf 78' lang='lat' dir='ltr'>Gordus,</span> 
     </span>
     <span class='ocr_line' id='line_1_7' title="bbox 19 1181 1160 1268; baseline 0.002 -16"><span class='ocrx_word' id='word_1_45' title='bbox 19 1183 144 1268; x_wconf 85' lang='lat' dir='ltr'>incipit</span> <span class='ocrx_word' id='word_1_46' title='bbox 162 1183 207 1250; x_wconf 86' lang='lat' dir='ltr'>ad</span> <span class='ocrx_word' id='word_1_47' title='bbox 223 1183 348 1251; x_wconf 87' lang='lat' dir='ltr'>oriente</span> <span class='ocrx_word' id='word_1_48' title='bbox 364 1220 409 1234; x_wconf 88' lang='lat'>-</span> <span class='ocrx_word' id='word_1_49' title='bbox 424 1220 469 1230; x_wconf 95' lang='lat'>—</span> <span class='ocrx_word' id='word_1_50' title='bbox 486 1216 523 1228; x_wconf 92' lang='lat'>-</span> <span class='ocrx_word' id='word_1_51' title='bbox 544 1219 588 1231; x_wconf 92' lang='lat'>-</span> <span class='ocrx_word' id='word_1_52' title='bbox 604 1202 671 1249; x_wconf 88' lang='lat' dir='ltr'>una</span> <span class='ocrx_word' id='word_1_53' title='bbox 687 1201 749 1266; x_wconf 91' lang='lat' dir='ltr'>que</span> <span class='ocrx_word' id='word_1_54' title='bbox 760 1191 811 1249; x_wconf 86' lang='lat' dir='ltr'>est</span> <span class='ocrx_word' id='word_1_55' title='bbox 820 1181 903 1252; x_wconf 88' lang='lat' dir='ltr'>inter</span> <span class='ocrx_word' id='word_1_56' title='bbox 919 1183 1049 1253; x_wconf 84' lang='lat' dir='ltr'>domum</span> <span class='ocrx_word' id='word_1_57' title='bbox 1066 1207 1160 1254; x_wconf 86' lang='lat' dir='ltr'>suam</span> 
     </span>
     <span class='ocr_line' id='line_1_8' title="bbox 1 1289 1154 1378; baseline 0 -17"><span class='ocrx_word' id='word_1_58' title='bbox 1 1301 52 1361; x_wconf 58' lang='lat' dir='ltr'>‘et</span> <span class='ocrx_word' id='word_1_59' title='bbox 82 1291 224 1360; x_wconf 84' lang='lat' dir='ltr'>domum</span> <span class='ocrx_word' id='word_1_60' title='bbox 255 1290 386 1378; x_wconf 82' lang='lat' dir='ltr'>Voynk‚</span> <span class='ocrx_word' id='word_1_61' title='bbox 419 1297 451 1358; x_wconf 86' lang='lat' dir='ltr'>et</span> <span class='ocrx_word' id='word_1_62' title='bbox 483 1310 540 1375; x_wconf 90' lang='lat' dir='ltr'>per</span> <span class='ocrx_word' id='word_1_63' title='bbox 575 1289 681 1374; x_wconf 82' lang='lat' dir='ltr'>ipsam</span> <span class='ocrx_word' id='word_1_64' title='bbox 722 1290 814 1357; x_wconf 87' lang='lat' dir='ltr'>vadit</span> <span class='ocrx_word' id='word_1_65' title='bbox 851 1291 1000 1377; x_wconf 86' lang='lat' dir='ltr'>superius</span> <span class='ocrx_word' id='word_1_66' title='bbox 1040 1313 1154 1362; x_wconf 85' lang='lat' dir='ltr'>versus</span> 
     </span>
     <span class='ocr_line' id='line_1_9' title="bbox 13 1396 1152 1486; baseline -0.001 -19.01"><span class='ocrx_word' id='word_1_67' title='bbox 13 1397 227 1468; x_wconf 85' lang='lat' dir='ltr'>&#39;ooeidentem</span> <span class='ocrx_word' id='word_1_68' title='bbox 252 1397 296 1464; x_wconf 90' lang='lat' dir='ltr'>ad</span> <span class='ocrx_word' id='word_1_69' title='bbox 321 1401 419 1482; x_wconf 88' lang='lat' dir='ltr'>ouput</span> <span class='ocrx_word' id='word_1_70' title='bbox 439 1396 583 1465; x_wconf 88' lang='lat' dir='ltr'>eiusdem</span> <span class='ocrx_word' id='word_1_71' title='bbox 600 1396 645 1464; x_wconf 88' lang='lat' dir='ltr'>ad</span> <span class='ocrx_word' id='word_1_72' title='bbox 660 1402 778 1462; x_wconf 86' lang='lat' dir='ltr'>metam</span> <span class='ocrx_word' id='word_1_73' title='bbox 796 1398 854 1464; x_wconf 92' lang='lat' dir='ltr'>sub</span> <span class='ocrx_word' id='word_1_74' title='bbox 871 1399 989 1466; x_wconf 89' lang='lat' dir='ltr'>arbore</span> <span class='ocrx_word' id='word_1_75' title='bbox 1005 1399 1045 1467; x_wconf 89' lang='lat' dir='ltr'>do</span> <span class='ocrx_word' id='word_1_76' title='bbox 1062 1401 1152 1486; x_wconf 85' lang='lat' dir='ltr'>piro;</span> 
     </span>
     <span class='ocr_line' id='line_1_10' title="bbox 22 1504 1161 1593; baseline 0 -17"><span class='ocrx_word' id='word_1_77' title='bbox 22 1507 99 1576; x_wconf 84' lang='lat' dir='ltr'>inde</span> <span class='ocrx_word' id='word_1_78' title='bbox 117 1526 241 1593; x_wconf 88' lang='lat' dir='ltr'>parum</span> <span class='ocrx_word' id='word_1_79' title='bbox 257 1505 441 1590; x_wconf 83' lang='lat' dir='ltr'>reflectitur,</span> <span class='ocrx_word' id='word_1_80' title='bbox 456 1510 488 1573; x_wconf 88' lang='lat' dir='ltr'>et</span> <span class='ocrx_word' id='word_1_81' title='bbox 502 1505 594 1572; x_wconf 85' lang='lat' dir='ltr'>vadit</span> <span class='ocrx_word' id='word_1_82' title='bbox 610 1505 652 1572; x_wconf 89' lang='lat' dir='ltr'>ad</span> <span class='ocrx_word' id='word_1_83' title='bbox 668 1504 754 1572; x_wconf 85' lang='lat' dir='ltr'>viam</span> <span class='ocrx_word' id='word_1_84' title='bbox 772 1504 816 1570; x_wconf 88' lang='lat' dir='ltr'>ud</span> <span class='ocrx_word' id='word_1_85' title='bbox 832 1513 950 1574; x_wconf 86' lang='lat' dir='ltr'>metam</span> <span class='ocrx_word' id='word_1_86' title='bbox 967 1510 1026 1574; x_wconf 90' lang='lat' dir='ltr'>sub</span> <span class='ocrx_word' id='word_1_87' title='bbox 1044 1511 1161 1577; x_wconf 86' lang='lat' dir='ltr'>arbore</span> 
     </span>
     <span class='ocr_line' id='line_1_11' title="bbox 1 1609 1161 1700; baseline -0.005 -16"><span class='ocrx_word' id='word_1_88' title='bbox 1 1663 2 1694; x_wconf 49' lang='lat'>2</span> <span class='ocrx_word' id='word_1_89' title='bbox 21 1616 126 1700; x_wconf 82' lang='lat' dir='ltr'>tnlsa3</span> <span class='ocrx_word' id='word_1_90' title='bbox 152 1613 234 1681; x_wconf 87' lang='lat' dir='ltr'>inde</span> <span class='ocrx_word' id='word_1_91' title='bbox 250 1612 420 1682; x_wconf 83' lang='lat' dir='ltr'>deseendit</span> <span class='ocrx_word' id='word_1_92' title='bbox 435 1611 470 1678; x_wconf 87' lang='lat' dir='ltr'>in</span> <span class='ocrx_word' id='word_1_93' title='bbox 485 1613 604 1680; x_wconf 84' lang='lat' dir='ltr'>vallem</span> <span class='ocrx_word' id='word_1_94' title='bbox 626 1631 729 1696; x_wconf 86' lang='lat' dir='ltr'>usque</span> <span class='ocrx_word' id='word_1_95' title='bbox 744 1609 981 1682; x_wconf 83' lang='lat' dir='ltr'>adsensionem</span> <span class='ocrx_word' id='word_1_96' title='bbox 996 1656 1041 1668; x_wconf 87' lang='lat'><em>-</em></span> <span class='ocrx_word' id='word_1_97' title='bbox 1059 1654 1097 1663; x_wconf 95' lang='lat'>-</span> <span class='ocrx_word' id='word_1_98' title='bbox 1117 1653 1161 1665; x_wconf 89' lang='lat'><em>-</em></span> 
     </span>
     <span class='ocr_line' id='line_1_12' title="bbox 23 1717 1157 1811; baseline -0.001 -20.019"><span class='ocrx_word' id='word_1_99' title='bbox 23 1743 85 1808; x_wconf 74' lang='grc' dir='ltr'>ειη</span> <span class='ocrx_word' id='word_1_100' title='bbox 111 1721 239 1789; x_wconf 86' lang='lat' dir='ltr'>deinde</span> <span class='ocrx_word' id='word_1_101' title='bbox 253 1721 295 1787; x_wconf 90' lang='lat' dir='ltr'>ad</span> <span class='ocrx_word' id='word_1_102' title='bbox 312 1725 409 1807; x_wconf 83' lang='lat' dir='ltr'>eaput</span> <span class='ocrx_word' id='word_1_103' title='bbox 428 1719 580 1787; x_wconf 89' lang='lat' dir='ltr'>Desohan</span> <span class='ocrx_word' id='word_1_104' title='bbox 604 1717 647 1787; x_wconf 88' lang='lat' dir='ltr'>ad</span> <span class='ocrx_word' id='word_1_105' title='bbox 673 1726 792 1787; x_wconf 83' lang='lat' dir='ltr'>metam</span> <span class='ocrx_word' id='word_1_106' title='bbox 823 1721 884 1787; x_wconf 90' lang='lat' dir='ltr'>sub</span> <span class='ocrx_word' id='word_1_107' title='bbox 909 1724 1026 1789; x_wconf 87' lang='lat' dir='ltr'>arbore</span> <span class='ocrx_word' id='word_1_108' title='bbox 1052 1723 1157 1811; x_wconf 82' lang='lat' dir='ltr'>bikfa,</span> 
     </span>
     <span class='ocr_line' id='line_1_13' title="bbox 21 1827 1159 1915; baseline -0.001 -16.017"><span class='ocrx_word' id='word_1_109' title='bbox 21 1831 132 1915; x_wconf 81' lang='lat' dir='ltr'>ibique</span> <span class='ocrx_word' id='word_1_110' title='bbox 160 1830 282 1896; x_wconf 79' lang='lat' dir='ltr'>transit</span> <span class='ocrx_word' id='word_1_111' title='bbox 296 1827 385 1896; x_wconf 85' lang='lat' dir='ltr'>viam</span> <span class='ocrx_word' id='word_1_112' title='bbox 401 1827 446 1894; x_wconf 89' lang='lat' dir='ltr'>ad</span> <span class='ocrx_word' id='word_1_113' title='bbox 461 1833 558 1914; x_wconf 84' lang='lat' dir='ltr'>eaput</span> <span class='ocrx_word' id='word_1_114' title='bbox 573 1845 691 1911; x_wconf 83' lang='lat' dir='ltr'>magne</span> <span class='ocrx_word' id='word_1_115' title='bbox 707 1827 803 1894; x_wconf 88' lang='lat' dir='ltr'>vallis</span> <span class='ocrx_word' id='word_1_116' title='bbox 829 1828 883 1894; x_wconf 93' lang='lat' dir='ltr'>nbi</span> <span class='ocrx_word' id='word_1_117' title='bbox 909 1834 962 1896; x_wconf 87' lang='lat' dir='ltr'>est</span> <span class='ocrx_word' id='word_1_118' title='bbox 986 1835 1073 1896; x_wconf 87' lang='lat' dir='ltr'>meta</span> <span class='ocrx_word' id='word_1_119' title='bbox 1098 1832 1159 1898; x_wconf 93' lang='lat' dir='ltr'>sub</span> 
     </span>
     <span class='ocr_line' id='line_1_14' title="bbox 1 1933 1158 2024; baseline -0.003 -16"><span class='ocrx_word' id='word_1_120' title='bbox 1 1935 140 2008; x_wconf 57' lang='lat' dir='ltr'>iarbore</span> <span class='ocrx_word' id='word_1_121' title='bbox 167 1937 285 2021; x_wconf 85' lang='lat' dir='ltr'>hassa;</span> <span class='ocrx_word' id='word_1_122' title='bbox 309 1955 368 2021; x_wconf 88' lang='lat' dir='ltr'>per</span> <span class='ocrx_word' id='word_1_123' title='bbox 393 1935 531 2002; x_wconf 89' lang='lat' dir='ltr'>eandem</span> <span class='ocrx_word' id='word_1_124' title='bbox 557 1933 696 2002; x_wconf 87' lang='lat' dir='ltr'>tendens</span> <span class='ocrx_word' id='word_1_125' title='bbox 721 1935 856 2003; x_wconf 79' lang='lat' dir='ltr'>inferius</span> <span class='ocrx_word' id='word_1_126' title='bbox 883 1958 1007 2024; x_wconf 87' lang='lat' dir='ltr'>parum,</span> <span class='ocrx_word' id='word_1_127' title='bbox 1032 1937 1100 2005; x_wconf 86' lang='lat' dir='ltr'>exit</span> <span class='ocrx_word' id='word_1_128' title='bbox 1123 1937 1158 2005; x_wconf 94' lang='lat' dir='ltr'>in</span> 
     </span>
     <span class='ocr_line' id='line_1_15' title="bbox 1 2040 1155 2138; baseline -0.002 -24"><span class='ocrx_word' id='word_1_129' title='bbox 1 2060 2 2138; x_wconf 23' lang='grc' dir='ltr'>ζ</span> <span class='ocrx_word' id='word_1_130' title='bbox 21 2067 122 2114; x_wconf 87' lang='lat' dir='ltr'>unam</span> <span class='ocrx_word' id='word_1_131' title='bbox 139 2045 267 2115; x_wconf 83' lang='lat' dir='ltr'>siooam</span> <span class='ocrx_word' id='word_1_132' title='bbox 282 2043 413 2126; x_wconf 85' lang='lat' dir='ltr'>vallem,</span> <span class='ocrx_word' id='word_1_133' title='bbox 431 2049 464 2111; x_wconf 85' lang='lat' dir='ltr'>et</span> <span class='ocrx_word' id='word_1_134' title='bbox 481 2061 540 2130; x_wconf 89' lang='lat' dir='ltr'>per</span> <span class='ocrx_word' id='word_1_135' title='bbox 556 2063 629 2110; x_wconf 86' lang='lat' dir='ltr'>eam</span> <span class='ocrx_word' id='word_1_136' title='bbox 645 2040 738 2110; x_wconf 85' lang='lat' dir='ltr'>vadit</span> <span class='ocrx_word' id='word_1_137' title='bbox 752 2044 796 2110; x_wconf 87' lang='lat' dir='ltr'>ad</span> <span class='ocrx_word' id='word_1_138' title='bbox 812 2045 899 2111; x_wconf 85' lang='lat' dir='ltr'>viam</span> <span class='ocrx_word' id='word_1_139' title='bbox 914 2045 1008 2112; x_wconf 86' lang='lat' dir='ltr'>iuxta</span> <span class='ocrx_word' id='word_1_140' title='bbox 1023 2046 1155 2113; x_wconf 84' lang='lat' dir='ltr'>vineam</span> 
     </span>
     <span class='ocr_line' id='line_1_16' title="bbox 22 2148 1159 2237; baseline 0 -15"><span class='ocrx_word' id='word_1_141' title='bbox 22 2155 64 2222; x_wconf 84' lang='lat' dir='ltr'>ad</span> <span class='ocrx_word' id='word_1_142' title='bbox 79 2161 211 2224; x_wconf 85' lang='lat' dir='ltr'>metam</span> <span class='ocrx_word' id='word_1_143' title='bbox 226 2160 385 2237; x_wconf 83' lang='lat' dir='ltr'>terream3</span> <span class='ocrx_word' id='word_1_144' title='bbox 408 2150 527 2218; x_wconf 84' lang='lat' dir='ltr'>deinde</span> <span class='ocrx_word' id='word_1_145' title='bbox 543 2151 578 2217; x_wconf 93' lang='lat' dir='ltr'>in</span> <span class='ocrx_word' id='word_1_146' title='bbox 592 2149 646 2217; x_wconf 85' lang='lat' dir='ltr'>via</span> <span class='ocrx_word' id='word_1_147' title='bbox 664 2148 771 2218; x_wconf 88' lang='lat' dir='ltr'>eundo</span> <span class='ocrx_word' id='word_1_148' title='bbox 787 2151 853 2217; x_wconf 85' lang='lat' dir='ltr'>exit</span> <span class='ocrx_word' id='word_1_149' title='bbox 869 2153 911 2219; x_wconf 88' lang='lat' dir='ltr'>ad</span> <span class='ocrx_word' id='word_1_150' title='bbox 928 2150 1009 2222; x_wconf 89' lang='lat' dir='ltr'>duas</span> <span class='ocrx_word' id='word_1_151' title='bbox 1025 2155 1159 2222; x_wconf 88' lang='lat' dir='ltr'>arbores</span> 
     </span>
     <span class='ocr_line' id='line_1_17' title="bbox 22 2256 1156 2347; baseline -0.004 -15"><span class='ocrx_word' id='word_1_152' title='bbox 22 2262 104 2332; x_wconf 83' lang='lat' dir='ltr'>tulfa</span> <span class='ocrx_word' id='word_1_153' title='bbox 122 2263 193 2332; x_wconf 86' lang='lat' dir='ltr'>sub</span> <span class='ocrx_word' id='word_1_154' title='bbox 208 2259 324 2347; x_wconf 86' lang='lat' dir='ltr'>quibus</span> <span class='ocrx_word' id='word_1_155' title='bbox 341 2265 391 2326; x_wconf 87' lang='lat' dir='ltr'>est</span> <span class='ocrx_word' id='word_1_156' title='bbox 406 2265 514 2344; x_wconf 87' lang='lat' dir='ltr'>meta;</span> <span class='ocrx_word' id='word_1_157' title='bbox 532 2257 650 2326; x_wconf 89' lang='lat' dir='ltr'>abhino</span> <span class='ocrx_word' id='word_1_158' title='bbox 666 2277 724 2344; x_wconf 88' lang='lat' dir='ltr'>per</span> <span class='ocrx_word' id='word_1_159' title='bbox 739 2256 863 2326; x_wconf 84' lang='lat' dir='ltr'>vallem</span> <span class='ocrx_word' id='word_1_160' title='bbox 878 2259 1000 2327; x_wconf 81' lang='lat' dir='ltr'>sinnam</span> <span class='ocrx_word' id='word_1_161' title='bbox 1016 2259 1105 2328; x_wconf 84' lang='lat' dir='ltr'>cadit</span> <span class='ocrx_word' id='word_1_162' title='bbox 1121 2261 1156 2327; x_wconf 92' lang='lat' dir='ltr'>in</span> 
     </span>
     <span class='ocr_line' id='line_1_18' title="bbox 19 2364 1154 2458; baseline -0.005 -18"><span class='ocrx_word' id='word_1_163' title='bbox 19 2379 122 2458; x_wconf 76' lang='lat' dir='ltr'>eaput</span> <span class='ocrx_word' id='word_1_164' title='bbox 139 2367 304 2456; x_wconf 85' lang='lat' dir='ltr'>Sywinna</span> <span class='ocrx_word' id='word_1_165' title='bbox 319 2366 459 2454; x_wconf 89' lang='lat' dir='ltr'>nomine,</span> <span class='ocrx_word' id='word_1_166' title='bbox 475 2371 508 2432; x_wconf 84' lang='lat' dir='ltr'>st</span> <span class='ocrx_word' id='word_1_167' title='bbox 523 2385 583 2452; x_wconf 89' lang='lat' dir='ltr'>per</span> <span class='ocrx_word' id='word_1_168' title='bbox 597 2384 669 2432; x_wconf 84' lang='lat' dir='ltr'>eam</span> <span class='ocrx_word' id='word_1_169' title='bbox 686 2364 852 2433; x_wconf 82' lang='lat' dir='ltr'>deseendit</span> <span class='ocrx_word' id='word_1_170' title='bbox 868 2385 970 2451; x_wconf 91' lang='lat' dir='ltr'>usque</span> <span class='ocrx_word' id='word_1_171' title='bbox 987 2366 1031 2433; x_wconf 87' lang='lat' dir='ltr'>ad</span> <span class='ocrx_word' id='word_1_172' title='bbox 1048 2368 1154 2436; x_wconf 90' lang='lat' dir='ltr'>looum</span> 
     </span>
     <span class='ocr_line' id='line_1_19' title="bbox 19 2467 1156 2546; baseline -0.004 0"><span class='ocrx_word' id='word_1_173' title='bbox 19 2467 76 2546; x_wconf 85' lang='lat' dir='ltr'>¹nbi</span> <span class='ocrx_word' id='word_1_174' title='bbox 108 2478 186 2545; x_wconf 87' lang='lat' dir='ltr'>exit</span> <span class='ocrx_word' id='word_1_175' title='bbox 214 2476 250 2541; x_wconf 93' lang='lat' dir='ltr'>in</span> <span class='ocrx_word' id='word_1_176' title='bbox 279 2473 379 2541; x_wconf 87' lang='lat' dir='ltr'>aliam</span> <span class='ocrx_word' id='word_1_177' title='bbox 411 2473 533 2541; x_wconf 86' lang='lat' dir='ltr'>vallem</span> <span class='ocrx_word' id='word_1_178' title='bbox 574 2473 695 2540; x_wconf 79' lang='lat' dir='ltr'>simam</span> <span class='ocrx_word' id='word_1_179' title='bbox 726 2472 819 2541; x_wconf 85' lang='lat' dir='ltr'>iuxta</span> <span class='ocrx_word' id='word_1_180' title='bbox 865 2479 985 2540; x_wconf 86' lang='lat' dir='ltr'>terram</span> <span class='ocrx_word' id='word_1_181' title='bbox 1016 2475 1156 2543; x_wconf 89' lang='lat' dir='ltr'>filiorum</span> 
     </span>
     <span class='ocr_line' id='line_1_20' title="bbox 9 2578 1153 2672; baseline -0.003 -18"><span class='ocrx_word' id='word_1_182' title='bbox 9 2585 177 2672; x_wconf 82' lang='lat' dir='ltr'>.Brannai,</span> <span class='ocrx_word' id='word_1_183' title='bbox 195 2589 227 2650; x_wconf 88' lang='lat' dir='ltr'>et</span> <span class='ocrx_word' id='word_1_184' title='bbox 242 2602 299 2670; x_wconf 90' lang='lat' dir='ltr'>per</span> <span class='ocrx_word' id='word_1_185' title='bbox 314 2589 418 2649; x_wconf 83' lang='lat' dir='ltr'>metas</span> <span class='ocrx_word' id='word_1_186' title='bbox 436 2578 655 2666; x_wconf 85' lang='lat' dir='ltr'>dupplicatas,</span> <span class='ocrx_word' id='word_1_187' title='bbox 672 2600 809 2664; x_wconf 86' lang='lat' dir='ltr'>quarum</span> <span class='ocrx_word' id='word_1_188' title='bbox 824 2600 891 2648; x_wconf 81' lang='lat' dir='ltr'>nna</span> <span class='ocrx_word' id='word_1_189' title='bbox 907 2588 957 2648; x_wconf 87' lang='lat' dir='ltr'>est</span> <span class='ocrx_word' id='word_1_190' title='bbox 971 2582 1153 2665; x_wconf 80' lang='lat' dir='ltr'>Weiohste,</span> 
     </span>
     <span class='ocr_line' id='line_1_21' title="bbox 1 2683 1155 2779; baseline -0.003 -17"><span class='ocrx_word' id='word_1_191' title='bbox 1 2683 7 2769; x_wconf 72' lang='lat' dir='ltr'>i</span> <span class='ocrx_word' id='word_1_192' title='bbox 24 2696 129 2763; x_wconf 82' lang='lat' dir='ltr'>altera</span> <span class='ocrx_word' id='word_1_193' title='bbox 163 2689 307 2760; x_wconf 86' lang='lat' dir='ltr'>filiorum</span> <span class='ocrx_word' id='word_1_194' title='bbox 334 2687 473 2757; x_wconf 86' lang='lat' dir='ltr'>Brszual</span> <span class='ocrx_word' id='word_1_195' title='bbox 498 2688 669 2757; x_wconf 85' lang='lat' dir='ltr'>revertitur</span> <span class='ocrx_word' id='word_1_196' title='bbox 685 2687 718 2754; x_wconf 90' lang='lat' dir='ltr'>in</span> <span class='ocrx_word' id='word_1_197' title='bbox 735 2688 876 2756; x_wconf 78' lang='lat' dir='ltr'>rivulum</span> <span class='ocrx_word' id='word_1_198' title='bbox 893 2688 1031 2779; x_wconf 87' lang='lat' dir='ltr'>Desohe,</span> <span class='ocrx_word' id='word_1_199' title='bbox 1050 2699 1081 2760; x_wconf 90' lang='lat' dir='ltr'>et</span> <span class='ocrx_word' id='word_1_200' title='bbox 1098 2713 1155 2778; x_wconf 86' lang='lat' dir='ltr'>per</span> 
     </span>
     <span class='ocr_line' id='line_1_22' title="bbox 22 2794 1155 2884; baseline -0.005 -14.109"><span class='ocrx_word' id='word_1_201' title='bbox 22 2801 115 2870; x_wconf 88' lang='lat' dir='ltr'>illum</span> <span class='ocrx_word' id='word_1_202' title='bbox 150 2797 251 2868; x_wconf 85' lang='lat' dir='ltr'>rediit</span> <span class='ocrx_word' id='word_1_203' title='bbox 281 2797 315 2864; x_wconf 93' lang='lat' dir='ltr'>in</span> <span class='ocrx_word' id='word_1_204' title='bbox 347 2801 466 2865; x_wconf 88' lang='lat' dir='ltr'>metam</span> <span class='ocrx_word' id='word_1_205' title='bbox 491 2796 643 2882; x_wconf 82' lang='lat' dir='ltr'>priorem,</span> <span class='ocrx_word' id='word_1_206' title='bbox 663 2803 694 2863; x_wconf 90' lang='lat' dir='ltr'>et</span> <span class='ocrx_word' id='word_1_207' title='bbox 713 2794 759 2864; x_wconf 88' lang='lat' dir='ltr'>sio</span> <span class='ocrx_word' id='word_1_208' title='bbox 776 2797 980 2865; x_wconf 86' lang='lat' dir='ltr'>terminatur.</span> <span class='ocrx_word' id='word_1_209' title='bbox 996 2799 1041 2866; x_wconf 91' lang='lat' dir='ltr'>Ut</span> <span class='ocrx_word' id='word_1_210' title='bbox 1056 2800 1155 2884; x_wconf 86' lang='lat' dir='ltr'>igitur</span> 
     </span>
     <span class='ocr_line' id='line_1_23' title="bbox 1 2902 1157 2998; baseline -0.003 -20"><span class='ocrx_word' id='word_1_211' title='bbox 1 2907 168 2998; x_wconf 67' lang='lat' dir='ltr'>{predicti</span> <span class='ocrx_word' id='word_1_212' title='bbox 194 2906 376 2990; x_wconf 82' lang='lat' dir='ltr'>Johmnes,</span> <span class='ocrx_word' id='word_1_213' title='bbox 412 2903 540 2972; x_wconf 79' lang='lat' dir='ltr'>Gordus</span> <span class='ocrx_word' id='word_1_214' title='bbox 566 2909 599 2971; x_wconf 90' lang='lat' dir='ltr'>et</span> <span class='ocrx_word' id='word_1_215' title='bbox 623 2902 800 2988; x_wconf 86' lang='lat' dir='ltr'>Welchete‚</span> <span class='ocrx_word' id='word_1_216' title='bbox 827 2908 860 2971; x_wconf 86' lang='lat' dir='ltr'>et</span> <span class='ocrx_word' id='word_1_217' title='bbox 892 2912 1076 2974; x_wconf 75' lang='lat' dir='ltr'>castrenses</span> <span class='ocrx_word' id='word_1_218' title='bbox 1101 2907 1157 2991; x_wconf 93' lang='lat' dir='ltr'>qui</span> 
     </span>
     <span class='ocr_line' id='line_1_24' title="bbox 24 3010 1158 3104; baseline -0.008 -15.187"><span class='ocrx_word' id='word_1_219' title='bbox 24 3020 174 3104; x_wconf 83' lang='lat' dir='ltr'>agebant</span> <span class='ocrx_word' id='word_1_220' title='bbox 191 3021 304 3084; x_wconf 81' lang='lat' dir='ltr'>eontra</span> <span class='ocrx_word' id='word_1_221' title='bbox 313 3013 412 3100; x_wconf 91' lang='lat' dir='ltr'>ipsos,</span> <span class='ocrx_word' id='word_1_222' title='bbox 423 3012 464 3078; x_wconf 87' lang='lat' dir='ltr'>de</span> <span class='ocrx_word' id='word_1_223' title='bbox 474 3018 580 3078; x_wconf 78' lang='lat' dir='ltr'>cetero</span> <span class='ocrx_word' id='word_1_224' title='bbox 590 3031 687 3096; x_wconf 89' lang='lat' dir='ltr'>super</span> <span class='ocrx_word' id='word_1_225' title='bbox 704 3010 848 3080; x_wconf 86' lang='lat' dir='ltr'>terminis</span> <span class='ocrx_word' id='word_1_226' title='bbox 859 3018 1015 3080; x_wconf 86' lang='lat' dir='ltr'>terrarum</span> <span class='ocrx_word' id='word_1_227' title='bbox 1027 3033 1158 3082; x_wconf 89' lang='lat' dir='ltr'>suarum</span> 
     </span>
     <span class='ocr_line' id='line_1_25' title="bbox 1 3105 1154 3214; baseline -0.006 -19"><span class='ocrx_word' id='word_1_228' title='bbox 1 3105 3 3167; x_wconf 48' lang='lat' dir='ltr'>i</span> <span class='ocrx_word' id='word_1_229' title='bbox 24 3147 106 3214; x_wconf 86' lang='lat' dir='ltr'>paee</span> <span class='ocrx_word' id='word_1_230' title='bbox 131 3131 296 3212; x_wconf 84' lang='lat' dir='ltr'>perpetua</span> <span class='ocrx_word' id='word_1_231' title='bbox 321 3119 537 3207; x_wconf 81' lang='lat' dir='ltr'>gratulentur,</span> <span class='ocrx_word' id='word_1_232' title='bbox 557 3127 725 3204; x_wconf 87' lang='lat' dir='ltr'>presentes</span> <span class='ocrx_word' id='word_1_233' title='bbox 740 3119 867 3187; x_wconf 84' lang='lat' dir='ltr'>litteras</span> <span class='ocrx_word' id='word_1_234' title='bbox 883 3120 917 3184; x_wconf 92' lang='lat' dir='ltr'>in</span> <span class='ocrx_word' id='word_1_235' title='bbox 935 3121 1154 3188; x_wconf 87' lang='lat' dir='ltr'>testimoninm</span> 
     </span>
     <span class='ocr_line' id='line_1_26' title="bbox 26 3225 1153 3321; baseline -0.004 -20"><span class='ocrx_word' id='word_1_236' title='bbox 26 3240 186 3321; x_wconf 88' lang='lat' dir='ltr'>perpetue</span> <span class='ocrx_word' id='word_1_237' title='bbox 201 3228 363 3295; x_wconf 82' lang='lat' dir='ltr'>firmitatis</span> <span class='ocrx_word' id='word_1_238' title='bbox 378 3227 450 3293; x_wconf 84' lang='lat' dir='ltr'>dari</span> <span class='ocrx_word' id='word_1_239' title='bbox 474 3225 620 3312; x_wconf 78' lang='lat' dir='ltr'>fecimus,</span> <span class='ocrx_word' id='word_1_240' title='bbox 630 3227 732 3312; x_wconf 86' lang='lat' dir='ltr'>sigilli</span> <span class='ocrx_word' id='word_1_241' title='bbox 743 3226 845 3294; x_wconf 87' lang='lat' dir='ltr'>nostri</span> <span class='ocrx_word' id='word_1_242' title='bbox 862 3227 1025 3313; x_wconf 88' lang='lat' dir='ltr'>duppliois</span> <span class='ocrx_word' id='word_1_243' title='bbox 1051 3231 1153 3296; x_wconf 89' lang='lat' dir='ltr'>muni-</span> 
     </span>
     <span class='ocr_line' id='line_1_27' title="bbox 27 3333 1158 3423; baseline -0.005 -14"><span class='ocrx_word' id='word_1_244' title='bbox 27 3342 111 3409; x_wconf 87' lang='lat' dir='ltr'>mine</span> <span class='ocrx_word' id='word_1_245' title='bbox 143 3341 329 3407; x_wconf 77' lang='lat' dir='ltr'>roboratas:</span> <span class='ocrx_word' id='word_1_246' title='bbox 354 3337 474 3404; x_wconf 89' lang='lat' dir='ltr'>Datum</span> <span class='ocrx_word' id='word_1_247' title='bbox 499 3354 557 3423; x_wconf 84' lang='lat' dir='ltr'>per</span> <span class='ocrx_word' id='word_1_248' title='bbox 581 3355 698 3403; x_wconf 91' lang='lat' dir='ltr'>manns</span> <span class='ocrx_word' id='word_1_249' title='bbox 724 3333 837 3402; x_wconf 80' lang='lat' dir='ltr'>dilecti</span> <span class='ocrx_word' id='word_1_250' title='bbox 866 3342 899 3402; x_wconf 88' lang='lat' dir='ltr'>et</span> <span class='ocrx_word' id='word_1_251' title='bbox 927 3335 1031 3404; x_wconf 88' lang='lat' dir='ltr'>fidelis</span> <span class='ocrx_word' id='word_1_252' title='bbox 1057 3339 1158 3405; x_wconf 89' lang='lat' dir='ltr'>nostri</span> 
     </span>
     <span class='ocr_line' id='line_1_28' title="bbox 1 3442 1159 3534; baseline -0.004 -17"><span class='ocrx_word' id='word_1_253' title='bbox 1 3468 2 3473; x_wconf 72' lang='grc'>’</span> <span class='ocrx_word' id='word_1_254' title='bbox 26 3447 180 3534; x_wconf 77' lang='lat' dir='ltr'>Magistri</span> <span class='ocrx_word' id='word_1_255' title='bbox 212 3445 397 3529; x_wconf 76' lang='lat' dir='ltr'>smaragdi,</span> <span class='ocrx_word' id='word_1_256' title='bbox 421 3443 579 3512; x_wconf 87' lang='lat' dir='ltr'>Albensis</span> <span class='ocrx_word' id='word_1_257' title='bbox 595 3443 770 3530; x_wconf 80' lang='lat' dir='ltr'>Propositi,</span> <span class='ocrx_word' id='word_1_258' title='bbox 789 3442 864 3509; x_wconf 86' lang='lat' dir='ltr'>aule</span> <span class='ocrx_word' id='word_1_259' title='bbox 880 3450 990 3511; x_wconf 87' lang='lat' dir='ltr'>nostre</span> <span class='ocrx_word' id='word_1_260' title='bbox 1006 3444 1159 3513; x_wconf 84' lang='lat' dir='ltr'>Vioeoan·</span> 
     </span>
     <span class='ocr_line' id='line_1_29' title="bbox 29 3539 1160 3641; baseline -0.005 -15"><span class='ocrx_word' id='word_1_261' title='bbox 29 3556 168 3641; x_wconf 86' lang='lat' dir='ltr'>aellarii,</span> <span class='ocrx_word' id='word_1_262' title='bbox 185 3573 273 3622; x_wconf 90' lang='lat' dir='ltr'>anno</span> <span class='ocrx_word' id='word_1_263' title='bbox 290 3552 419 3620; x_wconf 90' lang='lat' dir='ltr'>Domini</span> <span class='ocrx_word' id='word_1_264' title='bbox 437 3551 607 3619; x_wconf 85' lang='lat' dir='ltr'>millesimo</span> <span class='ocrx_word' id='word_1_265' title='bbox 634 3549 857 3620; x_wconf 83' lang='lat' dir='ltr'>dueentesimo</span> <span class='ocrx_word' id='word_1_266' title='bbox 890 3539 1160 3637; x_wconf 82' lang='lat' dir='ltr'>quinquagesimo</span> 
     </span>
     <span class='ocr_line' id='line_1_30' title="bbox 29 3659 1160 3749; baseline -0.004 -16"><span class='ocrx_word' id='word_1_267' title='bbox 29 3672 143 3749; x_wconf 86' lang='lat' dir='ltr'>sexto;</span> <span class='ocrx_word' id='word_1_268' title='bbox 177 3663 237 3730; x_wconf 90' lang='lat' dir='ltr'>III.</span> <span class='ocrx_word' id='word_1_269' title='bbox 263 3659 337 3730; x_wconf 87' lang='lat' dir='ltr'>idus</span> <span class='ocrx_word' id='word_1_270' title='bbox 362 3659 566 3746; x_wconf 84' lang='lat' dir='ltr'>Novembris,</span> <span class='ocrx_word' id='word_1_271' title='bbox 591 3661 697 3746; x_wconf 83' lang='lat' dir='ltr'>Regni</span> <span class='ocrx_word' id='word_1_272' title='bbox 722 3666 831 3726; x_wconf 87' lang='lat' dir='ltr'>nutem</span> <span class='ocrx_word' id='word_1_273' title='bbox 857 3661 960 3728; x_wconf 89' lang='lat' dir='ltr'>nostri</span> <span class='ocrx_word' id='word_1_274' title='bbox 973 3680 1059 3728; x_wconf 85' lang='lat' dir='ltr'>anno</span> <span class='ocrx_word' id='word_1_275' title='bbox 1076 3661 1160 3728; x_wconf 84' lang='lat' dir='ltr'>vine·</span> 
     </span>
     <span class='ocr_line' id='line_1_31' title="bbox 31 3771 295 3843; baseline -0.019 -1"><span class='ocrx_word' id='word_1_276' title='bbox 31 3775 111 3843; x_wconf 91' lang='lat' dir='ltr'>simo</span> <span class='ocrx_word' id='word_1_277' title='bbox 137 3771 295 3841; x_wconf 83' lang='lat' dir='ltr'>seeundo.</span> 
     </span>
    </p>
   </div>
   <div class='ocr_carea' id='block_1_3' title="bbox 34 3969 1158 4039">
    <p class='ocr_par' dir='ltr' id='par_1_3' title="bbox 34 3969 1158 4039">
     <span class='ocr_line' id='line_1_32' title="bbox 34 3969 1158 4039; baseline -0.005 -13"><span class='ocrx_word' id='word_1_278' title='bbox 34 3971 194 4039; x_wconf 63' lang='lat' dir='ltr'>(Tkalneioa</span> <span class='ocrx_word' id='word_1_279' title='bbox 213 3971 399 4026; x_wconf 79' lang='lat' dir='ltr'>Monumenta</span> <span class='ocrx_word' id='word_1_280' title='bbox 417 3971 483 4023; x_wconf 81' lang='lat' dir='ltr'>hist.</span> <span class='ocrx_word' id='word_1_281' title='bbox 502 3971 689 4036; x_wconf 77' lang='lat' dir='ltr'>Episcopatus</span> <span class='ocrx_word' id='word_1_282' title='bbox 707 3969 1158 4038; x_wconf 78' lang='lat' dir='ltr'>zagrabisnsis1.kiit.110.lap.)</span> 
     </span>
    </p>
   </div>
   <div class='ocr_carea' id='block_1_4' title="bbox 474 4259 731 4272">
    <p class='ocr_par' dir='ltr' id='par_1_4' title="bbox 474 4259 731 4272">
     <span class='ocr_line' id='line_1_33' title="bbox 474 4259 731 4272; baseline -0.012 -2"><span class='ocrx_word' id='word_1_283' title='bbox 474 4259 731 4272; x_wconf 64' lang='grc' dir='ltr'>-ι--ο-ι--ιι--ο-</span> 
     </span>
    </p>
   </div>
   <div class='ocr_carea' id='block_1_5' title="bbox 0 0 1568 5178">
    <p class='ocr_par' dir='ltr' id='par_1_5' title="bbox 0 0 1568 5178">
     <span class='ocr_line' id='line_1_34' title="bbox 0 0 1568 5178; baseline 0 0"><span class='ocrx_word' id='word_1_284' title='bbox 0 0 1568 5178; x_wconf 95' lang='lat' dir='ltr'> </span> 
     </span>
    </p>
   </div>
  </div>
 </body>
</html>
