3206 5184
826 357 987 461 „soo-

340 559 373 626 et
390 553 595 641 progreditur
611 553 699 624 oiroa
714 563 869 642 montem,
901 557 955 644 qui
972 555 1120 628 Orouhos
1150 557 1280 647 dieitur,
1313 561 1349 625 et
1379 557 1469 627 radit

340 683 444 750 usque
458 663 550 732 illum
566 665 681 753 looum,
697 665 753 750 qui
769 664 977 734 Foroosholm
992 649 1123 756 dieitur,
1154 675 1187 735 et
1201 668 1247 735 ibi
1263 667 1370 736 auiam
1385 689 1471 737 noua

340 779 427 842 meta
444 778 493 840 ost
509 781 637 860 ereota;
659 780 692 841 et
708 773 754 842 ibi
770 775 981 844 terminantur
997 780 1083 842 mete
1097 774 1201 865 ipsius
1217 783 1313 845 torre.
1328 776 1470 844 Inouius

339 881 388 948 roi
412 881 598 950 memoriam
623 887 656 950 et
683 889 876 969 perpetuam
890 882 1075 952 firmitatem
1105 893 1272 972 presentes
1306 883 1463 973 (litteras)

341 989 560 1060 concessimus
578 989 720 1077 duplicis
736 991 836 1076 sigilli
851 992 954 1062 nostri
964 994 1141 1062 munimine
1150 994 1332 1063 roboratas.
1348 994 1467 1062 Datum

342 1119 429 1166 anuo
445 1099 578 1168 Domini
593 1099 789 1169 M⁰OO⁰LX⁰
804 1121 900 1172 nono.
926 1102 1031 1188 Regni
1048 1101 1169 1192 (sutem
1185 1100 1289 1170 nostri
1305 1122 1392 1170 anno
1409 1103 1467 1170 tri·

343 1204 619 1298 cesimoquerto.)

344 1407 486 1470 (liredetio
505 1409 680 1474 hithertyrtu
699 1409 797 1462 telette
828 1410 1008 1477 megrongrilt
1038 1407 1212 1476 sllapotban,
1243 1426 1261 1462 a
1293 1409 1471 1476 uirga-utros

344 1497 580 1564 seiyemzsinoron
599 1499 715 1566 riiggtttt
733 1498 829 1566 peoset
856 1499 998 1562 elveszett,
1019 1514 1038 1550 s
1056 1499 1144 1550 budui
1163 1500 1215 1550 kir.
1242 1499 1369 1551 kamarai
1386 1501 1471 1552 leuel·

343 1588 452 1640 tirban.
474 1589 530 1642 Solu
549 1589 664 1642 hibsvsl
682 1589 787 1640 kiadva
805 1589 934 1656 Fejernel
953 1589 1020 1640 (iod.
1038 1588 1114 1654 Dipl.
1134 1590 1182 1641 IV.
1202 1591 1261 1641 ket
1284 1595 1309 1642 3.
1323 1605 1345 1640 r.
1360 1593 1420 1641 488.
1433 1591 1472 1655 l.;

613 1696 638 1733 v.
654 1681 679 1732 ὅ.
693 1697 710 1732 ιι
723 1681 814 1732 Huzai
826 1680 1015 1747 Okmrtnytsre
1029 1680 1055 1732 1.
1068 1681 1099 1731 k.
1112 1683 1154 1731 40.
1168 1681 1199 1745 l.)

870 2561 944 2632 429.

345 2761 425 2827 Belo
440 2761 622 2828 szlavooiou'
637 2761 765 2848 herezep
781 2764 894 2827 hotrum
917 2761 1071 2849 helperipet
1102 2762 1165 2827 odo
1195 2761 1254 2827 iret
1283 2785 1304 2827 o
1335 2759 1473 2848 aspreta·

437 2871 622 2959 oppidaneis
638 2871 922 2956 Brotonctnokfioe'
939 2873 970 2936 ee
986 2869 1104 2937 uoolrdi
1119 2869 1280 2937 ellereebeo.
1296 2872 1395 2939 1269.

453 3068 535 3137 Belo
564 3069 628 3138 Dei
658 3069 770 3155 grauis
808 3069 882 3136 Dux
912 3067 1016 3137 tooius
1044 3067 1228 3155 Solanonis,
1268 3067 1471 3155 Dalmuohie,

346 3177 502 3248 Groaohie
541 3177 700 3247 universis
738 3197 870 3265 presens
908 3177 1064 3264 seriptum
1105 3176 1301 3263 inspeoturis
1333 3177 1470 3244 salutem

346 3289 379 3354 in
411 3287 557 3356 Domino.
591 3285 643 3352 Ad
680 3286 903 3355 uniuersorum
933 3285 1087 3354 notioiam
1129 3285 1243 3354 harum
1274 3285 1360 3353 serie
1385 3283 1471 3352 voiu-
1570 3362 1574 3371 ¹

346 3415 418 3463 mus
456 3395 625 3480 pervenire
657 3421 665 3461 ι
706 3393 792 3478 quod
831 3413 901 3460 eum
940 3395 1100 3460 Dueatum
1139 3394 1244 3461 torius
1292 3392 1471 3480 Solanonie,

345 3501 537 3571 Daimaehie
568 3509 601 3570 et
642 3499 798 3570 Croachie
839 3523 881 3568 ex
918 3501 1086 3570 uoluntate
1125 3500 1331 3570 serenissimi
1371 3500 1472 3587 patris

345 3609 447 3678 nostri
477 3611 558 3679 Bele
588 3609 717 3699 Quarti,
763 3610 863 3694 Regis
895 3606 1072 3698 Brugetia,
1125 3608 1274 3696 primitur
1305 3609 1471 3676 instrasse·

345 3738 427 3800 mus,
445 3719 538 3786 nobis
563 3716 597 3785 in
622 3719 786 3803 Zagrabis
801 3717 1024 3805 existentibus,
1040 3716 1173 3802 quidum
1188 3716 1247 3784 tilii
1272 3723 1306 3784 et
1335 3721 1470 3803 nepotes

343 3825 497 3907 Brutone,
513 3827 606 3894 iuxta
622 3827 754 3894 fluvium
769 3824 938 3894 Jalseueth
955 3825 1142 3912 existentes,
1160 3823 1313 3892 videlieet
1327 3821 1472 3891 Otroohk

343 3955 416 4002 oum
441 3932 517 4000 tiliis
542 3935 622 4032 suis,
660 3933 787 4001 Toroha
826 3953 898 4001 oum
936 3933 1013 4001 filiis
1052 3933 1129 4018 suis,
1152 3932 1338 4019 Mirozlaus,
1376 3931 1472 4014 Rutk,

343 4043 495 4127 Velizlou,
525 4040 652 4108 Gordos
683 4060 755 4108 unm
782 4041 861 4109 fiiiis
877 4041 956 4127 suis,
973 4042 1113 4109 Martino
1130 4049 1163 4110 et
1177 4040 1267 4131 aliis,
1284 4039 1472 4125 Dragirtao,

344 4151 434 4237 Ozui,
452 4148 542 4236 Wlk,
558 4155 592 4218 et
608 4148 729 4217 ibidem
745 4149 839 4218 iuxta
855 4149 975 4217 dietum
992 4149 1125 4217 flurium
1150 4147 1331 4236 Julseueth,
1361 4144 1466 4214 Ziobk

344 4275 417 4323 oum
448 4257 515 4326 tilio
546 4277 615 4347 suo,
646 4255 772 4324 Brathk
803 4265 835 4324 et
865 4255 940 4325 aliis
971 4257 1120 4340 cognatis
1151 4255 1231 4338 suis,
1270 4253 1348 4324 item
1364 4253 1472 4340 Donk,

343 4365 509 4455 Neudara,
542 4369 621 4435 item
653 4365 713 4434 iiiii
744 4369 777 4433 et
807 4371 943 4452 nepotes
976 4363 1095 4447 chotin,
1134 4363 1330 4451 Stephanus,
1366 4361 1468 4450 Beuk,
1572 4424 1577 4433 .

346 4471 506 4560 Wiohina,
537 4471 622 4541 Otho
654 4479 686 4540 et
716 4473 774 4540 filii
799 4473 986 4559 Wloodrug,
1004 4474 1079 4541 item
1096 4472 1156 4540 iiiii
1171 4480 1204 4539 et
1220 4477 1357 4558 nepotes
1376 4467 1473 4538 Gadi·

348 4599 423 4664 goy,
440 4578 566 4665 Wiirsa,
585 4580 716 4667 Pubisa,
749 4580 939 4648 Gurdaueth
970 4602 1011 4649 ao
1041 4586 1110 4648 tota
1141 4579 1316 4666 generacio
1348 4576 1473 4665 predio·
1570 4656 1574 4673 Ι

350 4690 454 4754 torum
486 4689 520 4754 iu
537 4687 637 4756 tribus
674 4687 758 4757 uillis
774 4694 888 4756 eontra
904 4688 1089 4775 Capitulum
1105 4695 1138 4758 et
1154 4689 1337 4759 Canonieos
1352 4687 1472 4773 Zagru-
