3116 5186
785 386 807 394 ..
828 297 941 396 Q..

300 493 428 558 Hirrioh
446 511 517 558 eum
535 493 681 559 onrnibut
697 494 764 559 auls
783 491 1014 578 pertinenoijs;
1037 493 1112 558 item
1131 490 1242 558 uillam
1259 493 1320 557 Pel
1349 511 1422 556 eum

302 601 432 685 aratris,
450 619 520 666 eum
537 601 652 682 seruis,
671 607 790 667 etcum
808 602 956 668 omnibus
974 598 1116 686 piscinis,
1135 607 1167 666 et
1190 617 1261 665 eum
1292 605 1420 664 centum

300 707 416 792 porcis,
431 711 462 771 et
478 726 551 774 eum
568 707 717 774 omnibus
734 709 801 774 suis
820 706 1039 793 pertinencijs.
1060 708 1098 772 at
1113 706 1174 773 hec
1190 705 1311 787 omnia,
1330 705 1420 787 prius

299 832 357 897 per
373 813 542 880 licenciam
560 815 697 882 illustris
714 836 753 880 ac
769 817 814 900 pij
832 815 931 899 Regis
947 813 1088 894 Andree,
1105 821 1137 880 et
1152 813 1253 896 sigilli
1280 811 1332 878 sui
1361 831 1425 878 mu·

300 919 421 988 nimine
438 921 599 1008 roborata,
616 923 917 990 condouaueramus
933 930 1008 1007 post
1021 923 1144 989 obitum
1177 927 1324 986 nostrum
1357 937 1426 1003 pre·

298 1025 368 1093 fate
381 1029 528 1095 Ecclesie
546 1030 614 1094 iure
631 1037 787 1116 perpetuo
804 1028 1012 1113 possidenda.
1037 1031 1118 1096 Item
1137 1029 1169 1094 in
1187 1026 1330 1094 confinio
1346 1027 1426 1092 Ter-

299 1134 515 1201 tonieuillam
541 1155 706 1221 magnam,
738 1157 800 1219 qne
831 1144 964 1205 uocatur
995 1137 1144 1222 Heteser,
1176 1135 1269 1201 cuius
1303 1121 1425 1218 partem

299 1241 440 1309 mediam
457 1265 478 1310 a
494 1251 641 1330 tempore
666 1252 837 1330 parentum
863 1265 1006 1312 meorum
1043 1245 1194 1310 Ecclesia
1225 1241 1425 1326 possidebat,

298 1352 435 1419 alteram
453 1373 529 1419 uero
546 1362 672 1439 partem
690 1355 868 1421 secuudum
880 1354 1043 1421 racionem
1055 1351 1332 1437 commutacionis,
1344 1350 1426 1418 sicut

298 1461 472 1546 priuilegia
489 1462 611 1544 Regum
628 1469 801 1545 testantur,
829 1459 971 1546 predicto
989 1462 1057 1528 loeo
1075 1467 1108 1528 et
1124 1461 1248 1528 eisdem
1265 1457 1421 1524 fratribus

299 1568 484 1635 uoluntario
500 1569 703 1638 donauimus.
727 1571 808 1636 Item
824 1569 959 1637 nuncin
978 1570 1132 1636 extremis
1150 1576 1287 1652 agentes
1314 1587 1423 1652 super·

298 1675 448 1744 addimus
465 1675 585 1745 eisdem
605 1679 759 1744 fratribus
778 1681 803 1744 V
820 1678 936 1764 predia
966 1679 1057 1744 iuxta
1090 1697 1209 1761 aquam
1242 1675 1352 1761 Soyor
1385 1674 1424 1739 ad

298 1789 422 1868 partem
439 1785 662 1868 meridianam,
680 1805 750 1852 curu
769 1787 963 1873 molendina,
982 1805 1053 1852 eum
1071 1786 1187 1871 seruis,
1204 1804 1278 1850 eum
1305 1781 1411 1849 liberti

298 1893 362 1978 uis,
379 1913 449 1958 eum
467 1896 594 1983 aratris,
612 1901 732 1960 etcum
750 1894 825 1981 alijs
857 1896 925 1960 suris
958 1895 1170 1980 pertinencijs
1201 1917 1208 1958 :
1238 1890 1422 1978 prediorum

298 2007 404 2067 eutem
421 2005 553 2069 nomina
571 2011 645 2070 srrnt
660 2004 744 2069 hee:
775 2003 838 2070 duo
863 2003 1001 2089 Wodna,
1035 2004 1150 2086 Ywan,
1182 1999 1361 2088 Hyrnorch
1393 2006 1423 2064 et

299 2109 580 2192 Karachcni010u3
605 2119 636 2178 et
652 2120 775 2196 partem
804 2112 915 2178 tributi
947 2111 989 2178 de
1020 2118 1129 2196 ponte,
1162 2109 1216 2192 qui
1248 2095 1423 2192 estsuper

298 2236 416 2299 aquam
435 2217 557 2303 Soyor3
583 2220 690 2286 etheo
707 2240 793 2302 aqna
810 2221 908 2287 currit
938 2219 1025 2286 iutra
1057 2219 1177 2283 aaran
1211 2223 1242 2283 et
1274 2214 1419 2300 predicta

298 2324 421 2408 predia.
461 2328 542 2392 Item
559 2335 676 2393 terram
695 2328 869 2412 quamdam
888 2330 921 2395 in
938 2327 1111 2413 Strigonio,
1144 2327 1236 2392 iuxta
1264 2327 1416 2392 Sanctum

297 2434 442 2519 Parium,
474 2455 546 2501 cum
564 2456 657 2503 seruo
674 2437 798 2504 scilieet
814 2438 932 2504 Cosma
949 2455 1018 2502 cnm
1036 2455 1138 2502 uxore
1155 2441 1187 2500 et
1212 2433 1300 2518 filijs.
1342 2435 1416 2499 Item

298 2539 408 2604 uillam
426 2541 536 2609 Debes
553 2548 585 2606 et
602 2543 727 2630 Pulany
744 2543 799 2610 tali
818 2541 1017 2629 condicione,
1035 2549 1069 2608 ut
1085 2541 1282 2628 uendnntur,
1294 2550 1325 2607 et
1337 2539 1417 2625 quod

298 2657 431 2732 superat
448 2657 608 2718 trecentas
626 2672 761 2737 mareas,
778 2672 861 2735 quas
878 2652 911 2717 in
929 2650 1075 2718 diuersos
1094 2671 1171 2717 usus
1188 2650 1419 2725 distribuimus,

298 2756 394 2854 fuerit
409 2759 584 2840 residuum,
602 2761 633 2825 in
651 2780 732 2845 opus
749 2760 866 2846 prelati
885 2759 1070 2844 llouasterij
1089 2757 1191 2824 nostri
1208 2755 1414 2843 expendatur.

299 2867 338 2930 ut
355 2873 389 2930 ut
405 2866 465 2932 lree
482 2875 592 2934 nostre
609 2869 800 2934 donacionis
818 2866 956 2956 (littere)
974 2867 1204 2934 inuiolabiliter
1226 2869 1318 2933 iuxta
1350 2887 1416 2932 eou-

299 2975 499 3042 suetudinem
517 2977 721 3060 antiquorum
738 2986 964 3060 permaneant,
998 2975 1098 3059 sigilli
1115 2977 1216 3042 nostri
1243 2973 1417 3043 munimine

298 3084 529 3150 roborauimns.
554 3085 595 3148 Et
611 3085 688 3168 quia
704 3085 812 3151 nullus
838 3084 932 3151 nobis
951 3093 1116 3168 superstes
1133 3085 1290 3150 remansit
1322 3083 1416 3160 filius,

297 3190 346 3254 irs
365 3192 560 3260 Patrouatus
578 3193 723 3260 eiusdem
740 3193 885 3259 Ecclesia
903 3190 1182 3258 Excellentissimo
1207 3187 1315 3277 B(ele)
1342 3188 1418 3271 Regi

298 3298 405 3364 debito
422 3299 492 3366 iure
508 3299 725 3384 relinquimus.
765 3302 880 3366 Testes
898 3307 1006 3365 autem
1024 3301 1078 3382 qui
1096 3300 1225 3364 luerunt.
1250 3299 1300 3365 his
1328 3305 1418 3365 suut:

297 3407 409 3476 Abbas
426 3410 466 3476 de
482 3409 651 3495 'Fopulka;
676 3411 818 3494 Balascy
837 3409 877 3474 de
893 3409 995 3493 Kana,
1014 3416 1046 3474 et
1062 3409 1121 3492 alij
1140 3427 1235 3489 quam
1253 3407 1362 3492 plnres
1380 3408 1416 3470 du

298 3518 410 3585 eodem
428 3537 564 3601 genere3
588 3519 731 3584 Tlromas
748 3517 872 3600 Cernes,
889 3523 922 3582 et
938 3517 995 3600 ulij
1015 3537 1112 3599 quam
1130 3515 1237 3601 plnres
1265 3515 1418 3582 extranei.

297 3626 392 3694 Anno
411 3625 538 3692 Domini
556 3627 727 3694 millesimo
743 3625 1020 3693 OC⁰XXX⁰VIl⁰.

406 3825 545 3886 (Eredetie
564 3826 745 3892 bo'rlrairtydu,
766 3843 783 3878 a
800 3827 884 3878 budai
904 3827 956 3878 kir.
978 3827 1104 3878 karuarai
1124 3825 1319 3890 levtltdrbam.)
