3184 5186
812 1015 888 1084 362.

284 1225 396 1290 Istudn
420 1219 523 1309 isjubb
548 1219 726 1306 kirdlyrrok
757 1217 943 1283 Makramcl
965 1215 1073 1300 foldet
1103 1215 1261 1302 turpyazri
1283 1215 1409 1278 αᾶοπιά-

534 1351 602 1414 ayc
618 1327 740 1414 Hoplea
756 1326 863 1409 deflui
878 1327 1037 1393 ειάπιάνα.
1064 1325 1159 1392 1262.

392 1524 575 1610 Stephanus
595 1523 658 1589 Dei
692 1523 806 1607 gracia
825 1524 895 1588 Rex
907 1518 1140 1607 primogenitus
1156 1515 1298 1586 Illustris
1313 1517 1410 1601 Regis

284 1636 508 1718 Hungarornm
528 1631 608 1698 Dux
639 1629 895 1698 manselluanns
926 1628 1077 1696 omnibus
1108 1626 1228 1693 Christi
1260 1623 1411 1693 fidelibus

285 1762 419 1831 presens
460 1739 615 1826 scriptum
656 1737 851 1824 inspecturis
886 1737 1024 1804 salutem
1054 1735 1090 1801 in
1122 1733 1236 1800 saluum
1267 1742 1411 1801 auctore

285 1847 545 1936 circumspeccio
581 1847 704 1932 Regum
735 1843 874 1932 prouida
905 1844 968 1913 sibi
1000 1843 1141 1912 fideliter
1179 1839 1414 1910 famulantibus

286 1956 334 2026 sio
364 1957 462 2024 debet
491 1954 657 2022 donatiuis
689 1970 856 2020 occurrere
886 1953 937 2018 nel
953 1949 1161 2034 respondere,
1177 1955 1212 2016 nt
1227 1948 1286 2015 alii
1302 1967 1413 2016 eornm

289 2063 438 2151 exemplo
455 2061 584 2130 inuitati
598 2060 642 2128 ad
656 2057 823 2127 fidelitatis
848 2079 949 2145 opera
974 2063 1007 2124 et
1031 2056 1075 2124 ad
1099 2055 1237 2124 seruicia
1262 2055 1414 2124 facienda

290 2171 468 2241 reddantur
484 2169 599 2237 merito
614 2169 809 2254 promtiores.
832 2164 918 2234 Hinc
933 2173 982 2234 est
998 2167 1107 2252 igitur,
1123 2164 1210 2250 qnod
1225 2165 1269 2231 ad
1286 2165 1414 2231 uniuer-

287 2301 394 2349 sorum
411 2287 478 2346 tam
493 2278 696 2367 presencium
713 2296 811 2360 qnam
822 2283 1023 2361 posterorum
1032 2273 1186 2340 noticiam
1197 2273 1312 2340 harum
1329 2271 1414 2338 serie

286 2389 433 2458 uolumus
459 2384 654 2471 peruenire:
681 2383 775 2464 Quod
805 2403 876 2452 cum
905 2383 1028 2466 Hugka
1053 2403 1118 2448 nna
1143 2403 1216 2449 enm
1241 2380 1319 2448 liliis
1346 2379 1415 2448 suis

289 2492 447 2577 Gregorio
464 2490 623 2576 uidelicet,
639 2491 781 2578 Myenla,
799 2489 933 2575 Mykon,
952 2489 1101 2576 Nyoolao
1117 2495 1149 2556 el
1164 2487 1297 2556 Elereus
1322 2487 1417 2554 nobis

287 2607 383 2688 grata
416 2599 556 2669 seruicia
589 2598 713 2686 pariter
739 2608 772 2666 et
797 2605 934 2683 accepta
958 2617 1056 2682 qnam
1082 2598 1204 2685 pluries
1238 2597 1417 2665 exibuisset

288 2709 467 2778 liberaliter
481 2716 512 2775 ot
538 2708 687 2794 libenter,
713 2714 924 2793 propterque
939 2728 961 2773 a
985 2713 1160 2792 conspeetu
1175 2707 1276 2791 Regio
1302 2705 1418 2770 merito

291 2819 422 2886 fueraut
437 2817 687 2908 remunerandi;
712 2836 771 2882 noa
787 2817 821 2882 in
846 2815 1183 2901 recompensacionem
1208 2813 1417 2881 sernioiurum

290 2924 368 2993 dicti
385 2925 507 3011 Huglra
522 2946 562 2992 ac
578 2923 715 2992 liliorum
737 2923 880 2991 eiusdem
905 2925 1068 3007 quandam
1094 2932 1212 2992 terram
1237 2919 1418 2989 Macramul

288 3041 449 3120 uocatam,
474 3033 571 3100 sitam
595 3032 629 3098 in
646 3032 806 3100 Comitem
823 3032 863 3098 de
878 3031 992 3118 Potolr,
1018 3033 1059 3099 de
1082 3031 1287 3119 plenitudine
1305 3034 1416 3094 nostro

288 3141 401 3226 gracie
417 3139 481 3226 ipsi
496 3139 619 3224 Huglra
635 3146 668 3205 et
683 3137 758 3206 filiis
775 3139 844 3207 suis
860 3138 1068 3226 supradietis,
1086 3145 1118 3206 et
1144 3159 1199 3225 per
1224 3159 1280 3205 eos
1306 3155 1415 3203 eornm

289 3249 461 3316 heredibus
499 3245 694 3315 heredumue
727 3247 967 3315 successoribus
1002 3247 1151 3313 duximus
1191 3244 1416 3332 perennaliter

288 3352 526 3423 conferendam.
545 3355 584 3420 In
604 3354 697 3421 cuins
722 3359 806 3420 terre
832 3354 1072 3438 possessionem
1098 3353 1301 3437 corporalem
1326 3353 1414 3437 ipsos

289 3481 349 3548 per
364 3461 537 3549 Symonem
555 3461 710 3530 Comitem
726 3460 768 3528 de
785 3461 889 3528 Potok
904 3461 1033 3530 fidelem
1049 3468 1192 3529 nostrum
1217 3462 1354 3529 fecimus
1370 3461 1414 3526 in-

289 3569 423 3638 troduci.
439 3568 548 3655 Ipains
573 3569 677 3636 eciam
703 3576 787 3636 terre
813 3576 907 3655 mete,
933 3575 1030 3654 prout
1044 3567 1131 3636 idem
1155 3569 1276 3655 Symon
1302 3565 1416 3636 Comes

181 3710 184 3720 ·
289 3675 384 3743 uobis
399 3677 433 3742 in
449 3677 517 3744 suis
533 3677 650 3745 litteris
667 3677 840 3764 intimauit,
857 3675 918 3744 hoo
934 3676 1047 3745 ordine
1074 3677 1293 3763 distinguntur
1309 3703 1316 3744 :
1332 3677 1416 3744 Inoi-

290 3785 339 3870 pit
355 3782 441 3849 enim
456 3785 563 3870 prima
579 3793 667 3853 meta
682 3787 724 3853 ab
741 3787 894 3870 aquilone
909 3804 1007 3872 snper
1023 3785 1164 3870 quodam
1181 3785 1287 3853 riuulo
1312 3783 1418 3851 Subur

290 3897 415 3973 uocato,
441 3892 497 3960 ubi
524 3900 573 3959 est
596 3900 703 3979 meta5
727 3893 805 3961 inde
830 3892 1000 3961 deseendit
1025 3894 1069 3960 ad
1085 3901 1209 3980 partem
1224 3892 1417 3961 orientalem

290 4000 334 4067 ad
349 4000 454 4086 capud
471 3997 556 4089 (lgy)
575 4000 743 4069 cniusdam
767 4002 864 4069 riuuli
889 4001 1005 4069 Knaeh
1031 4001 1149 4086 uocati,
1175 4001 1230 4068 nbi
1256 4008 1307 4069 eat
1330 4009 1418 4066 meta

292 4113 402 4174 terrea
437 4130 535 4195 snper
568 4109 720 4176 arborem
753 4108 860 4195 ilicis;
884 4107 1005 4178 abinde
1039 4129 1097 4193 per
1124 4109 1264 4177 medium
1292 4117 1418 4176 meatus

292 4214 437 4282 eiusdem
454 4217 551 4285 riuuli
582 4216 752 4285 descendit
782 4218 826 4284 ad
854 4227 980 4304 partem
1012 4217 1210 4303 orientalem,
1243 4217 1301 4283 nbi
1331 4215 1447 4300 idem·

292 4321 415 4390 rinulns
432 4326 521 4393 cadit
536 4325 571 4390 in
588 4327 688 4394 alium
704 4326 838 4393 fluuium
857 4326 962 4395 Potolr
987 4337 1137 4394 uocatum
1152 4346 1174 4391 a
1198 4331 1292 4412 perte
1318 4323 1421 4392 Bodo-

292 4448 376 4514 wan,
403 4431 495 4499 iuxta
522 4450 616 4518 quem
643 4439 694 4501 est
719 4439 806 4500 meta
830 4435 889 4502 sul)
914 4433 1028 4500 arbore
1052 4433 1156 4516 ilicis;
1179 4433 1299 4500 deinde
1318 4429 1423 4499 tendit

292 4538 386 4606 iuxta
401 4539 514 4608 uineas
530 4540 573 4607 ad
590 4547 733 4609 montem
758 4541 880 4624 Macra,
906 4541 961 4609 ubi
987 4547 1036 4607 est
1062 4547 1149 4610 meta
1173 4546 1299 4621 terrea;
1323 4538 1422 4606 abine

185 4671 190 4680 ·
294 4665 407 4719 uersus
439 4647 604 4717 meridiem
629 4649 663 4716 in
689 4649 752 4737 uia,
778 4669 842 4739 que
868 4649 959 4718 uadit
974 4650 1068 4718 iuxta
1084 4650 1200 4724 niueas
1216 4649 1269 4716 ubi
1287 4655 1339 4719 est
1355 4668 1422 4715 una
