3116 5186
842 287 1002 392 goe-

360 481 481 552 eisdem
496 485 674 552 donaverat
689 485 844 554 ducentos
861 503 977 570 porcos
993 493 1026 554 et
1041 487 1172 554 totidem
1192 487 1328 556 cubulos
1347 486 1471 574 vini,ad

360 611 561 660 communem
596 611 742 661 mensam
776 592 912 661 fratrum
957 595 1052 662 annis
1087 594 1225 681 singulis
1259 601 1471 682 proventuros,

359 699 573 770 donacionem
589 699 679 767 illam
696 702 845 769 volamus
868 704 1053 790 observare,
1079 709 1111 769 et
1136 703 1269 788 insuper
1295 702 1472 770 eorumdem

358 809 596 893 compacientes
629 809 813 895 paupertati
848 809 1027 878 adiecimus
1061 816 1220 878 tercentos
1260 810 1396 878 cubulos
1432 811 1471 876 ui·

359 917 404 1000 ui,
438 922 474 982 ut
512 916 664 1003 deinceps
702 920 897 1003 quingentos
945 919 1080 986 cubulos
1118 919 1184 986 vini
1223 918 1365 986 habeant
1394 920 1472 984 omni

358 1043 453 1091 anno.
492 1023 597 1102 Quum
635 1045 712 1093 vero
744 1025 843 1092 alieni
873 1024 954 1092 iuris
984 1025 1107 1094 fructus
1131 1026 1317 1114 percepisse
1343 1031 1376 1092 et
1400 1023 1472 1090 deti·

357 1131 466 1198 nuisse
506 1131 625 1198 iniuste
665 1151 722 1216 per
759 1130 913 1200 officiales
952 1140 1080 1201 nostros
1117 1141 1285 1221 peccatum
1324 1131 1469 1217 quodam-

360 1238 453 1305 modo
489 1237 670 1326 ridebatur,
707 1241 840 1308 racione
873 1240 1033 1310 fructuum
1057 1247 1278 1329 perceptorum
1307 1249 1341 1309 et
1365 1242 1474 1307 iniuste

360 1345 479 1432 taliter,
505 1353 541 1414 ut
565 1345 714 1434 diximus,
730 1347 943 1436 detentorum,
969 1348 1162 1418 donavimus
1186 1350 1306 1418 nostris
1323 1348 1471 1417 fratribus

359 1459 479 1521 terram
495 1454 655 1539 Zagrabie
679 1455 722 1522 cd
746 1465 885 1540 quatuor
919 1463 1038 1544 aratra
1064 1456 1195 1541 quoad
1219 1459 1271 1528 ins
1296 1457 1475 1544 episcopale

360 1560 544 1646 specialiter
560 1563 754 1651 pertinebat,
772 1584 845 1633 cum
862 1573 999 1650 quatuor
1014 1566 1134 1634 aratris
1149 1573 1182 1635 et
1197 1576 1340 1651 quatuor
1363 1565 1471 1632 mansi·

362 1670 478 1738 onibus
514 1691 678 1739 servorum
722 1681 877 1762 perpetuo
920 1673 1163 1761 possidendam,
1196 1673 1241 1740 ad
1285 1691 1476 1742 communen

365 1796 510 1846 mensam
527 1779 673 1869 fratrum,
691 1801 764 1849 cum
788 1783 879 1869 prius
898 1819 1242 1834 ------
1259 1785 1295 1850 in
1311 1779 1477 1850 communi·

362 1906 424 1955 one
438 1908 503 1956 non
519 1889 685 1978 haberent,
703 1897 735 1958 et
750 1912 809 1959 nos
835 1892 878 1959 ad
903 1890 963 1960 hoe
987 1890 1092 1959 modis
1117 1891 1265 1959 omnibns
1290 1890 1475 1958 hanelamns

364 2002 398 2062 et
429 1995 638 2088 intendimus,
682 1998 769 2085 quod
805 2006 838 2066 et
873 1998 1003 2067 domum
1046 2007 1079 2067 et
1112 1998 1237 2066 curiam
1271 2004 1306 2065 et
1342 2014 1477 2064 mensam

367 2122 567 2172 communem
601 2103 802 2174 habeantet
835 2108 1015 2174 honestam.
1042 2104 1259 2186 Quamobrem
1286 2103 1336 2191 (et
1353 2099 1476 2187 curiam)

363 2211 504 2279 vicinam
530 2215 667 2282 ecclesie
678 2234 718 2280 ex
727 2223 823 2299 parte
832 2213 1072 2302 septemtrionis
1084 2231 1156 2280 cum
1166 2213 1294 2300 piscina
1304 2213 1397 2279 iuxta
1411 2231 1475 2278 ean·

364 2319 435 2388 dem
453 2320 621 2409 existente,
632 2322 781 2390 dedimus
800 2324 1021 2392 communitati
1037 2343 1159 2409 eorum,
1177 2340 1250 2390 cnm
1270 2322 1377 2388 eciam
1395 2320 1475 2405 prius

364 2427 976 2500 eorumfueritafundacioneEcclesie
988 2467 1291 2484 ------
1302 2429 1422 2498 ibidem
1430 2445 1477 2513 pa·

362 2535 468 2603 randa
484 2536 637 2605 hedificia
646 2540 690 2607 ad
699 2559 883 2608 communes
894 2560 970 2609 usus
980 2541 1115 2608 fratrum
1126 2539 1342 2628 promissione
1357 2542 1476 2623 sponta-

363 2664 426 2712 nea
441 2645 634 2732 obligantes.
660 2649 742 2718 Item
751 2649 897 2718 decimas
909 2649 1150 2734 Zagrabienses
1165 2648 1248 2716 sicut
1263 2651 1477 2714 antecessores

364 2755 468 2822 nostri
492 2755 714 2846 possederant,
741 2757 889 2826 dedimus
913 2756 1148 2847 plenarie(eum
1165 2753 1329 2843 omnibus)
1347 2753 1480 2837 minutis,

365 2863 460 2945 agnis
474 2863 632 2951 videlicet,
650 2866 746 2934 melle
767 2873 798 2933 et
808 2886 892 2954 cera,
905 2867 991 2953 linis,
1000 2867 1148 2954 nucibus,
1169 2866 1256 2934 fabis
1280 2873 1313 2930 et
1339 2863 1477 2931 omnibus

364 2988 555 3056 quecunque
569 2973 675 3042 solent
689 2974 854 3062 decimari,
865 2974 997 3044 retentis
1013 2973 1234 3045 tantummodo
1250 2994 1292 3042 ex
1307 2973 1379 3040 illis
1394 2969 1477 3038 nobis

366 3078 468 3148 tribus
507 3080 637 3150 milibus
676 3089 708 3150 et
745 3084 935 3169 quingentis
966 3083 1091 3151 eubulis
1129 3083 1197 3151 uini
1236 3087 1270 3149 et
1307 3077 1480 3166 quingentis

366 3188 600 3274 quinquaginta
630 3192 782 3280 oapeeiis,
814 3201 847 3259 et
879 3193 1019 3260 seeentis
1036 3190 1179 3275 gallinis.
1211 3188 1481 3258 Adecimacione

367 3303 475 3364 autem
500 3299 644 3382 ipsorum
676 3300 799 3385 Vgram
833 3307 865 3367 et
890 3299 1033 3369 (lasnam
1059 3295 1255 3384 excepimus,
1279 3296 1324 3362 ad
1348 3302 1481 3394 nostrum

367 3403 538 3474 cellarium
575 3414 785 3475 reservantes.
809 3406 986 3474 Pecuniam
1012 3407 1127 3488 eciam,
1151 3423 1248 3492 quam
1277 3401 1482 3471 decimatores

365 3515 605 3597 Zagrabienses
616 3515 737 3583 nostris
757 3513 1027 3584 ministerialibus
1042 3515 1226 3602 persolvere
1245 3515 1481 3590 consueverant

366 3621 520 3690 videlicet
535 3621 617 3690 duas
635 3643 762 3691 marcas
778 3631 809 3689 et
824 3623 979 3691 fertonem
997 3622 1081 3689 inter
1099 3628 1213 3707 totum,
1230 3638 1327 3706 quum
1352 3641 1396 3688 ex
1419 3637 1482 3686 nos

368 3739 420 3796 tra
435 3729 646 3798 ordinacione
671 3731 733 3797 hec
757 3729 955 3799 consuetudo
981 3729 1139 3813 originem
1168 3728 1337 3807 habuerat,
1364 3724 1481 3793 remisi·

368 3859 439 3906 mus
454 3837 596 3924 penitus,
614 3839 731 3906 amodo
753 3859 794 3904 ne
817 3839 1015 3923 persolvant
1041 3841 1133 3921 Item,
1158 3855 1256 3922 quum
1280 3835 1321 3902 ad
1347 3832 1483 3902 immuni·

367 3955 466 4014 tatem
483 3944 627 4013 Ecclesie
646 3951 678 4012 et
702 3945 747 4012 ad
772 3943 921 4014 decorem
936 3947 1061 4013 Domus
1088 3943 1218 4012 Domini
1235 3941 1326 4009 etad
1353 3940 1481 4009 frenum

370 4059 551 4124 libertatem
568 4053 830 4121 conservandam
849 4055 920 4122 Deo
948 4059 1031 4123 teste
1056 4053 1254 4121 intendimus
1278 4053 1366 4120 omni
1392 4045 1486 4130 mmo,

370 4167 453 4233 sicut
486 4172 520 4232 et
553 4171 706 4248 tenemur,
734 4162 942 4231 concedimus
967 4169 999 4229 et
1024 4161 1221 4230 statuimus:
1249 4166 1285 4228 ut
1312 4158 1483 4244 dignitates

369 4272 513 4341 Ecclesie
529 4271 761 4358 Zagrabiensis
788 4271 961 4340 canonicis
987 4268 1244 4339 Chasmensibus
1271 4286 1330 4353 per
1354 4285 1413 4333 nos
1437 4262 1483 4331 uel

369 4399 426 4466 per
441 4386 568 4447 nostros
585 4399 788 4448 successores
804 4379 992 4449 nullatenus
1018 4377 1235 4448 conferantur.
1262 4375 1345 4444 Item
1371 4373 1479 4440 fratres

369 4491 470 4558 nestri
488 4489 684 4556 decedentes
702 4489 830 4574 plenam
856 4489 999 4557 habeant
1027 4487 1213 4556 facultatem
1238 4485 1278 4553 de
1303 4485 1399 4552 rebus
1423 4479 1482 4549 suis

369 4596 574 4684 disponendi,
590 4597 618 4663 si
644 4615 721 4664 vero
747 4596 893 4664 intestati
919 4595 1129 4682 decesserint,
1155 4593 1198 4663 ad
1223 4611 1336 4662 manus
1359 4591 1484 4659 fratrum
