<?xml version="1.0" encoding="UTF-8"?>
<!DOCTYPE html PUBLIC "-//W3C//DTD XHTML 1.0 Transitional//EN"
    "http://www.w3.org/TR/xhtml1/DTD/xhtml1-transitional.dtd">
<html xmlns="http://www.w3.org/1999/xhtml" xml:lang="en" lang="en">
 <head>
  <title>
</title>
<meta http-equiv="Content-Type" content="text/html;charset=utf-8" />
  <meta name='ocr-system' content='tesseract 3.04.00' />
  <meta name='ocr-capabilities' content='ocr_page ocr_carea ocr_par ocr_line ocrx_word'/>
</head>
<body>
  <div class='ocr_page' id='page_1' title='image "./codexdiplomatic01wenzgoog_0355.png"; bbox 0 0 3116 5186; ppageno 0'>
   <div class='ocr_carea' id='block_1_1' title="bbox 621 980 697 1049">
    <p class='ocr_par' dir='ltr' id='par_1_1' title="bbox 621 980 697 1049">
     <span class='ocr_line' id='line_1_1' title="bbox 621 980 697 1049; baseline 0.013 -1"><span class='ocrx_word' id='word_1_1' title='bbox 621 980 697 1049; x_wconf 81' lang='lat'>218.</span> 
     </span>
    </p>
   </div>
   <div class='ocr_carea' id='block_1_2' title="bbox 98 1177 1223 1274">
    <p class='ocr_par' dir='ltr' id='par_1_2' title="bbox 98 1177 1223 1274">
     <span class='ocr_line' id='line_1_2' title="bbox 98 1177 1223 1274; baseline 0.003 -27"><span class='ocrx_word' id='word_1_2' title='bbox 98 1179 239 1247; x_wconf 71' lang='lat' dir='ltr'><strong>studui</strong></span> <span class='ocrx_word' id='word_1_3' title='bbox 255 1180 419 1267; x_wconf 72' lang='lat' dir='ltr'><strong>keiptalan</strong></span> <span class='ocrx_word' id='word_1_4' title='bbox 435 1181 540 1263; x_wconf 79' lang='lat' dir='ltr'><strong>citirja</strong></span> <span class='ocrx_word' id='word_1_5' title='bbox 557 1177 603 1244; x_wconf 88' lang='grc' dir='ltr'><strong>ΙΙ.</strong></span> <span class='ocrx_word' id='word_1_6' title='bbox 619 1180 731 1244; x_wconf 80' lang='lat' dir='ltr'><strong>Endre</strong></span> <span class='ocrx_word' id='word_1_7' title='bbox 747 1179 926 1266; x_wconf 63' lang='lat' dir='ltr'><strong>kirtlycak</strong></span> <span class='ocrx_word' id='word_1_8' title='bbox 942 1181 1223 1274; x_wconf 68' lang='lat' dir='ltr'><strong>Scektithelyseqet</strong></span> 
     </span>
    </p>
   </div>
   <div class='ocr_carea' id='block_1_3' title="bbox 98 1287 1224 1459">
    <p class='ocr_par' dir='ltr' id='par_1_3' title="bbox 98 1287 1224 1459">
     <span class='ocr_line' id='line_1_3' title="bbox 98 1287 1224 1376; baseline 0.009 -26"><span class='ocrx_word' id='word_1_9' title='bbox 98 1290 243 1372; x_wconf 69' lang='lat' dir='ltr'><strong>uiucyazd</strong></span> <span class='ocrx_word' id='word_1_10' title='bbox 275 1287 473 1372; x_wconf 76' lang='lat' dir='ltr'><strong>adomctnydt</strong></span> <span class='ocrx_word' id='word_1_11' title='bbox 504 1311 525 1351; x_wconf 86' lang='lat' dir='ltr'><strong>a</strong></span> <span class='ocrx_word' id='word_1_12' title='bbox 558 1287 750 1372; x_wconf 71' lang='lat' dir='ltr'><strong>nysilsaiyeti</strong></span> <span class='ocrx_word' id='word_1_13' title='bbox 791 1289 1019 1376; x_wconf 75' lang='lat' dir='ltr'><strong>cpdccczcirdc</strong></span> <span class='ocrx_word' id='word_1_14' title='bbox 1058 1296 1224 1360; x_wconf 69' lang='grc' dir='ltr'><strong>εεάπιάνα.</strong></span> 
     </span>
     <span class='ocr_line' id='line_1_4' title="bbox 544 1392 770 1459; baseline 0 -3"><span class='ocrx_word' id='word_1_15' title='bbox 544 1393 641 1459; x_wconf 84' lang='grc'><em>1239.</em></span> <span class='ocrx_word' id='word_1_16' title='bbox 664 1392 770 1457; x_wconf 64' lang='lat' dir='ltr'><strong>kirici.</strong></span> 
     </span>
    </p>
   </div>
   <div class='ocr_carea' id='block_1_4' title="bbox 10 1586 1220 2747">
    <p class='ocr_par' dir='ltr' id='par_1_4' title="bbox 12 1586 1220 2110">
     <span class='ocr_line' id='line_1_5' title="bbox 14 1586 1217 1678; baseline 0.006 -25"><span class='ocrx_word' id='word_1_17' title='bbox 14 1661 16 1678; x_wconf 38' lang='grc' dir='ltr'>Ι</span> <span class='ocrx_word' id='word_1_18' title='bbox 193 1586 479 1654; x_wconf 77' lang='lat' dir='ltr'><strong>Excellentissimo</strong></span> <span class='ocrx_word' id='word_1_19' title='bbox 497 1586 702 1653; x_wconf 79' lang='lat' dir='ltr'><strong>dominusne</strong></span> <span class='ocrx_word' id='word_1_20' title='bbox 721 1593 752 1653; x_wconf 91' lang='lat' dir='ltr'><strong>et</strong></span> <span class='ocrx_word' id='word_1_21' title='bbox 769 1587 969 1655; x_wconf 82' lang='lat' dir='ltr'><strong>benefactori</strong></span> <span class='ocrx_word' id='word_1_22' title='bbox 985 1589 1023 1654; x_wconf 92' lang='lat' dir='ltr'><strong>B.</strong></span> <span class='ocrx_word' id='word_1_23' title='bbox 1048 1592 1110 1658; x_wconf 91' lang='lat' dir='ltr'><strong>Dei</strong></span> <span class='ocrx_word' id='word_1_24' title='bbox 1143 1613 1217 1676; x_wconf 83' lang='lat' dir='ltr'><strong>gra-</strong></span> 
     </span>
     <span class='ocr_line' id='line_1_6' title="bbox 13 1681 1216 1779; baseline 0.004 -17"><span class='ocrx_word' id='word_1_25' title='bbox 13 1681 18 1772; x_wconf 70' lang='grc' dir='ltr'><strong>Ῑ</strong></span> <span class='ocrx_word' id='word_1_26' title='bbox 96 1699 142 1765; x_wconf 88' lang='lat' dir='ltr'><strong>cia</strong></span> <span class='ocrx_word' id='word_1_27' title='bbox 154 1695 267 1763; x_wconf 88' lang='lat' dir='ltr'><strong>inclito</strong></span> <span class='ocrx_word' id='word_1_28' title='bbox 284 1696 370 1777; x_wconf 83' lang='lat' dir='ltr'>Regi</span> <span class='ocrx_word' id='word_1_29' title='bbox 388 1694 532 1778; x_wconf 81' lang='lat' dir='ltr'><strong>Vngsuie</strong></span> <span class='ocrx_word' id='word_1_30' title='bbox 549 1693 708 1777; x_wconf 78' lang='lat' dir='ltr'><strong>Magister</strong></span> <span class='ocrx_word' id='word_1_31' title='bbox 724 1695 763 1760; x_wconf 80' lang='lat' dir='ltr'><strong>A.</strong></span> <span class='ocrx_word' id='word_1_32' title='bbox 781 1694 971 1779; x_wconf 75' lang='lat' dir='ltr'>Propositus</span> <span class='ocrx_word' id='word_1_33' title='bbox 997 1696 1157 1767; x_wconf 86' lang='lat' dir='ltr'><strong>Budensis</strong></span> <span class='ocrx_word' id='word_1_34' title='bbox 1183 1708 1216 1768; x_wconf 85' lang='lat' dir='ltr'><strong>et</strong></span> 
     </span>
     <span class='ocr_line' id='line_1_7' title="bbox 13 1799 1216 1896; baseline 0.003 -26"><span class='ocrx_word' id='word_1_35' title='bbox 13 1845 15 1896; x_wconf 71' lang='lat' dir='ltr'><strong>t</strong></span> <span class='ocrx_word' id='word_1_36' title='bbox 94 1803 271 1889; x_wconf 72' lang='lat' dir='ltr'><strong>Capitulum</strong></span> <span class='ocrx_word' id='word_1_37' title='bbox 289 1799 448 1884; x_wconf 84' lang='lat' dir='ltr'><strong>eiusdem,</strong></span> <span class='ocrx_word' id='word_1_38' title='bbox 465 1799 516 1866; x_wconf 92' lang='lat' dir='ltr'><strong>sui</strong></span> <span class='ocrx_word' id='word_1_39' title='bbox 532 1800 646 1868; x_wconf 86' lang='lat' dir='ltr'><strong>fideles</strong></span> <span class='ocrx_word' id='word_1_40' title='bbox 663 1809 696 1868; x_wconf 86' lang='lat' dir='ltr'><strong>et</strong></span> <span class='ocrx_word' id='word_1_41' title='bbox 711 1799 823 1868; x_wconf 84' lang='lat' dir='ltr'><strong>deuoti</strong></span> <span class='ocrx_word' id='word_1_42' title='bbox 833 1803 1012 1885; x_wconf 87' lang='lat' dir='ltr'><strong>capellani,</strong></span> <span class='ocrx_word' id='word_1_43' title='bbox 1026 1805 1216 1874; x_wconf 87' lang='lat' dir='ltr'><strong>inelinacio·</strong></span> 
     </span>
     <span class='ocr_line' id='line_1_8' title="bbox 12 1908 1220 1999; baseline 0.002 -23"><span class='ocrx_word' id='word_1_44' title='bbox 12 1909 15 1986; x_wconf 55' lang='lat' dir='ltr'>g</span> <span class='ocrx_word' id='word_1_45' title='bbox 96 1932 162 1979; x_wconf 91' lang='lat' dir='ltr'><strong>uem</strong></span> <span class='ocrx_word' id='word_1_46' title='bbox 179 1918 209 1977; x_wconf 89' lang='lat' dir='ltr'><strong>et</strong></span> <span class='ocrx_word' id='word_1_47' title='bbox 224 1908 417 1977; x_wconf 85' lang='lat' dir='ltr'><strong>cracicnnm</strong></span> <span class='ocrx_word' id='word_1_48' title='bbox 434 1909 662 1976; x_wconf 86' lang='lat' dir='ltr'><strong>continuarum</strong></span> <span class='ocrx_word' id='word_1_49' title='bbox 678 1908 836 1992; x_wconf 84' lang='lat' dir='ltr'><strong>suffragia</strong></span> <span class='ocrx_word' id='word_1_50' title='bbox 851 1909 895 1975; x_wconf 86' lang='lat' dir='ltr'><strong>ad</strong></span> <span class='ocrx_word' id='word_1_51' title='bbox 920 1910 1026 1977; x_wconf 87' lang='lat' dir='ltr'><strong>Deum</strong></span> <span class='ocrx_word' id='word_1_52' title='bbox 1052 1932 1112 1997; x_wconf 86' lang='lat' dir='ltr'><strong>pro</strong></span> <span class='ocrx_word' id='word_1_53' title='bbox 1136 1915 1220 1999; x_wconf 85' lang='lat' dir='ltr'><strong>ipso.</strong></span> 
     </span>
     <span class='ocr_line' id='line_1_9' title="bbox 12 2015 1073 2110; baseline 0.002 -26"><span class='ocrx_word' id='word_1_54' title='bbox 12 2077 14 2110; x_wconf 19' lang='grc' dir='ltr'>ᾖ</span> <span class='ocrx_word' id='word_1_55' title='bbox 95 2019 226 2084; x_wconf 80' lang='lat' dir='ltr'><strong>Litteras</strong></span> <span class='ocrx_word' id='word_1_56' title='bbox 242 2023 357 2082; x_wconf 79' lang='lat' dir='ltr'><strong>uentre</strong></span> <span class='ocrx_word' id='word_1_57' title='bbox 371 2015 579 2084; x_wconf 76' lang='lat' dir='ltr'><strong>Excelleneie</strong></span> <span class='ocrx_word' id='word_1_58' title='bbox 594 2015 777 2099; x_wconf 79' lang='lat' dir='ltr'><strong>recepimus</strong></span> <span class='ocrx_word' id='word_1_59' title='bbox 794 2017 855 2083; x_wconf 82' lang='lat' dir='ltr'><strong>sub</strong></span> <span class='ocrx_word' id='word_1_60' title='bbox 873 2016 934 2083; x_wconf 83' lang='lat' dir='ltr'><strong>hac</strong></span> <span class='ocrx_word' id='word_1_61' title='bbox 950 2017 1073 2086; x_wconf 80' lang='lat' dir='ltr'><strong>forms:</strong></span> 
     </span>
    </p>

    <p class='ocr_par' dir='ltr' id='par_1_5' title="bbox 12 2121 1217 2321">
     <span class='ocr_line' id='line_1_10' title="bbox 12 2121 1217 2214; baseline 0.005 -25"><span class='ocrx_word' id='word_1_62' title='bbox 12 2175 13 2214; x_wconf 51' lang='lat'><em>3</em></span> <span class='ocrx_word' id='word_1_63' title='bbox 195 2127 230 2190; x_wconf 89' lang='lat' dir='ltr'><strong>B.</strong></span> <span class='ocrx_word' id='word_1_64' title='bbox 248 2123 315 2189; x_wconf 90' lang='lat' dir='ltr'><strong>Dei</strong></span> <span class='ocrx_word' id='word_1_65' title='bbox 332 2123 445 2206; x_wconf 82' lang='lat' dir='ltr'><strong>gracia</strong></span> <span class='ocrx_word' id='word_1_66' title='bbox 462 2124 531 2190; x_wconf 87' lang='lat' dir='ltr'><strong>Rex</strong></span> <span class='ocrx_word' id='word_1_67' title='bbox 547 2121 692 2208; x_wconf 80' lang='lat' dir='ltr'><strong>Vngarie</strong></span> <span class='ocrx_word' id='word_1_68' title='bbox 710 2125 772 2192; x_wconf 90' lang='lat' dir='ltr'><strong>stb.</strong></span> <span class='ocrx_word' id='word_1_69' title='bbox 799 2121 1017 2210; x_wconf 73' lang='lat' dir='ltr'><strong>(kevetksaik</strong></span> <span class='ocrx_word' id='word_1_70' title='bbox 1046 2128 1102 2192; x_wconf 92' lang='lat' dir='ltr'><strong>IV.</strong></span> <span class='ocrx_word' id='word_1_71' title='bbox 1135 2127 1217 2195; x_wconf 73' lang='lat' dir='ltr'><strong>Bela</strong></span> 
     </span>
     <span class='ocr_line' id='line_1_11' title="bbox 12 2231 1094 2321; baseline 0.003 -24"><span class='ocrx_word' id='word_1_72' title='bbox 12 2245 13 2268; x_wconf 70' lang='lat'><em>³</em></span> <span class='ocrx_word' id='word_1_73' title='bbox 94 2231 266 2318; x_wconf 74' lang='lat' dir='ltr'><strong>kirtlynak</strong></span> <span class='ocrx_word' id='word_1_74' title='bbox 283 2231 438 2298; x_wconf 71' lang='lat' dir='ltr'><strong>stiratasi</strong></span> <span class='ocrx_word' id='word_1_75' title='bbox 453 2250 626 2316; x_wconf 86' lang='lat' dir='ltr'><strong>parancsa,</strong></span> <span class='ocrx_word' id='word_1_76' title='bbox 643 2232 726 2298; x_wconf 89' lang='lat' dir='ltr'><strong>mint</strong></span> <span class='ocrx_word' id='word_1_77' title='bbox 740 2231 876 2299; x_wconf 83' lang='lat' dir='ltr'><strong>ientebb</strong></span> <span class='ocrx_word' id='word_1_78' title='bbox 893 2235 968 2301; x_wconf 81' lang='grc'><strong>216.</strong></span> <span class='ocrx_word' id='word_1_79' title='bbox 985 2254 1029 2300; x_wconf 83' lang='lat' dir='ltr'><strong>aa.</strong></span> <span class='ocrx_word' id='word_1_80' title='bbox 1047 2233 1094 2321; x_wconf 90' lang='lat' dir='ltr'><strong>a.)</strong></span> 
     </span>
    </p>

    <p class='ocr_par' dir='ltr' id='par_1_6' title="bbox 10 2339 1220 2747">
     <span class='ocr_line' id='line_1_12' title="bbox 11 2339 1220 2426; baseline 0.005 -23"><span class='ocrx_word' id='word_1_81' title='bbox 11 2373 19 2412; x_wconf 79' lang='lat'><em>:</em></span> <span class='ocrx_word' id='word_1_82' title='bbox 194 2341 263 2406; x_wconf 86' lang='lat' dir='ltr'><strong>Nos</strong></span> <span class='ocrx_word' id='word_1_83' title='bbox 280 2339 382 2423; x_wconf 83' lang='lat' dir='ltr'><strong>igitur</strong></span> <span class='ocrx_word' id='word_1_84' title='bbox 397 2339 585 2406; x_wconf 85' lang='lat' dir='ltr'><strong>mandatum</strong></span> <span class='ocrx_word' id='word_1_85' title='bbox 603 2347 758 2424; x_wconf 87' lang='lat' dir='ltr'><strong>uestrum,</strong></span> <span class='ocrx_word' id='word_1_86' title='bbox 791 2340 877 2407; x_wconf 88' lang='lat' dir='ltr'><strong>sicut</strong></span> <span class='ocrx_word' id='word_1_87' title='bbox 892 2347 1048 2426; x_wconf 86' lang='lat' dir='ltr'><strong>tenemur,</strong></span> <span class='ocrx_word' id='word_1_88' title='bbox 1079 2341 1220 2410; x_wconf 83' lang='lat' dir='ltr'><strong>fideliter</strong></span> 
     </span>
     <span class='ocr_line' id='line_1_13' title="bbox 11 2446 1216 2534; baseline 0.003 -22"><span class='ocrx_word' id='word_1_89' title='bbox 11 2456 13 2488; x_wconf 84' lang='lat'><strong>¹</strong></span> <span class='ocrx_word' id='word_1_90' title='bbox 95 2446 220 2532; x_wconf 75' lang='lat' dir='ltr'><strong>exsequi</strong></span> <span class='ocrx_word' id='word_1_91' title='bbox 244 2447 428 2533; x_wconf 88' lang='lat' dir='ltr'><strong>cupientes,</strong></span> <span class='ocrx_word' id='word_1_92' title='bbox 460 2447 671 2532; x_wconf 79' lang='lat' dir='ltr'><strong>priuilegium</strong></span> <span class='ocrx_word' id='word_1_93' title='bbox 704 2446 810 2514; x_wconf 85' lang='lat' dir='ltr'><strong>felicis</strong></span> <span class='ocrx_word' id='word_1_94' title='bbox 840 2448 1081 2516; x_wconf 77' lang='lat' dir='ltr'><strong>recordacionis</strong></span> <span class='ocrx_word' id='word_1_95' title='bbox 1113 2451 1216 2534; x_wconf 82' lang='lat' dir='ltr'><strong>patris</strong></span> 
     </span>
     <span class='ocr_line' id='line_1_14' title="bbox 10 2545 1217 2638; baseline 0.007 -22"><span class='ocrx_word' id='word_1_96' title='bbox 10 2545 13 2576; x_wconf 81' lang='lat'><em>&#39;</em></span> <span class='ocrx_word' id='word_1_97' title='bbox 95 2553 185 2618; x_wconf 88' lang='lat' dir='ltr'><strong>uestri</strong></span> <span class='ocrx_word' id='word_1_98' title='bbox 200 2554 303 2638; x_wconf 78' lang='lat' dir='ltr'><strong>Regis</strong></span> <span class='ocrx_word' id='word_1_99' title='bbox 319 2553 450 2621; x_wconf 83' lang='lat' dir='ltr'><strong>Andree</strong></span> <span class='ocrx_word' id='word_1_100' title='bbox 466 2573 524 2638; x_wconf 89' lang='lat' dir='ltr'><strong>per</strong></span> <span class='ocrx_word' id='word_1_101' title='bbox 540 2553 715 2621; x_wconf 80' lang='lat' dir='ltr'><strong>officialem</strong></span> <span class='ocrx_word' id='word_1_102' title='bbox 732 2573 877 2622; x_wconf 86' lang='lat' dir='ltr'><strong>sonorum</strong></span> <span class='ocrx_word' id='word_1_103' title='bbox 894 2555 1012 2624; x_wconf 79' lang='lat' dir='ltr'><strong>Sancte</strong></span> <span class='ocrx_word' id='word_1_104' title='bbox 1043 2555 1143 2624; x_wconf 86' lang='lat' dir='ltr'><strong>Mauie</strong></span> <span class='ocrx_word' id='word_1_105' title='bbox 1173 2556 1217 2624; x_wconf 87' lang='lat' dir='ltr'><strong>de</strong></span> 
     </span>
     <span class='ocr_line' id='line_1_15' title="bbox 10 2649 1217 2747; baseline 0.004 -23"><span class='ocrx_word' id='word_1_106' title='bbox 10 2649 12 2666; x_wconf 75' lang='lat'>&#39;</span> <span class='ocrx_word' id='word_1_107' title='bbox 100 2658 205 2726; x_wconf 78' lang='lat' dir='ltr'><strong>Insula</strong></span> <span class='ocrx_word' id='word_1_108' title='bbox 221 2663 317 2729; x_wconf 89' lang='lat' dir='ltr'><strong>uobis</strong></span> <span class='ocrx_word' id='word_1_109' title='bbox 333 2662 490 2730; x_wconf 84' lang='lat' dir='ltr'><strong>exibitam</strong></span> <span class='ocrx_word' id='word_1_110' title='bbox 509 2659 685 2743; x_wconf 83' lang='lat' dir='ltr'><strong>diligenter</strong></span> <span class='ocrx_word' id='word_1_111' title='bbox 701 2663 913 2747; x_wconf 77' lang='lat' dir='ltr'><strong>inspeximus,</strong></span> <span class='ocrx_word' id='word_1_112' title='bbox 944 2662 1036 2730; x_wconf 89' lang='lat' dir='ltr'><strong>cuius</strong></span> <span class='ocrx_word' id='word_1_113' title='bbox 1060 2670 1153 2730; x_wconf 90' lang='lat' dir='ltr'><strong>tenor</strong></span> <span class='ocrx_word' id='word_1_114' title='bbox 1184 2672 1217 2729; x_wconf 89' lang='lat' dir='ltr'><strong>et</strong></span> 
     </span>
    </p>
   </div>
   <div class='ocr_carea' id='block_1_5' title="bbox 10 2761 465 2836">
    <p class='ocr_par' dir='ltr' id='par_1_7' title="bbox 10 2761 465 2836">
     <span class='ocr_line' id='line_1_16' title="bbox 10 2761 465 2836; baseline 0.004 -4"><span class='ocrx_word' id='word_1_115' title='bbox 10 2761 12 2810; x_wconf 46' lang='grc' dir='ltr'>Ψ</span> <span class='ocrx_word' id='word_1_116' title='bbox 95 2766 296 2835; x_wconf 79' lang='lat' dir='ltr'><strong>continencia</strong></span> <span class='ocrx_word' id='word_1_117' title='bbox 311 2767 385 2836; x_wconf 85' lang='lat' dir='ltr'><strong>talis</strong></span> <span class='ocrx_word' id='word_1_118' title='bbox 402 2777 465 2836; x_wconf 84' lang='lat' dir='ltr'><strong>est:</strong></span> 
     </span>
    </p>
   </div>
   <div class='ocr_carea' id='block_1_6' title="bbox 10 2875 1219 3294">
    <p class='ocr_par' dir='ltr' id='par_1_8' title="bbox 10 2875 1219 3294">
     <span class='ocr_line' id='line_1_17' title="bbox 195 2875 1214 2961; baseline 0.001 -20"><span class='ocrx_word' id='word_1_119' title='bbox 195 2876 234 2941; x_wconf 93' lang='lat' dir='ltr'><strong>Iu</strong></span> <span class='ocrx_word' id='word_1_120' title='bbox 251 2875 385 2943; x_wconf 89' lang='lat' dir='ltr'><strong>nomine</strong></span> <span class='ocrx_word' id='word_1_121' title='bbox 401 2878 461 2943; x_wconf 80' lang='lat' dir='ltr'><strong>sib.</strong></span> <span class='ocrx_word' id='word_1_122' title='bbox 478 2875 626 2943; x_wconf 82' lang='lat' dir='ltr'><strong>Andreas</strong></span> <span class='ocrx_word' id='word_1_123' title='bbox 641 2875 703 2942; x_wconf 91' lang='lat' dir='ltr'><strong>Dei</strong></span> <span class='ocrx_word' id='word_1_124' title='bbox 730 2876 844 2961; x_wconf 81' lang='lat' dir='ltr'><strong>gracia</strong></span> <span class='ocrx_word' id='word_1_125' title='bbox 876 2875 1021 2961; x_wconf 81' lang='lat' dir='ltr'><strong>Vagarie</strong></span> <span class='ocrx_word' id='word_1_126' title='bbox 1050 2876 1114 2944; x_wconf 90' lang='lat' dir='ltr'><strong>stb.</strong></span> <span class='ocrx_word' id='word_1_127' title='bbox 1145 2879 1214 2946; x_wconf 83' lang='lat' dir='ltr'><strong>Rex</strong></span> 
     </span>
     <span class='ocr_line' id='line_1_18' title="bbox 94 2979 1219 3070; baseline 0.002 -24"><span class='ocrx_word' id='word_1_128' title='bbox 94 2979 451 3068; x_wconf 80' lang='lat' dir='ltr'><strong>stu.(kuvetkczik11.</strong></span> <span class='ocrx_word' id='word_1_129' title='bbox 484 2982 592 3049; x_wconf 84' lang='lat' dir='ltr'><strong>Endre</strong></span> <span class='ocrx_word' id='word_1_130' title='bbox 622 2982 735 3069; x_wconf 68' lang='lat' dir='ltr'><strong>kirtly</strong></span> <span class='ocrx_word' id='word_1_131' title='bbox 768 2983 906 3054; x_wconf 73' lang='lat' dir='ltr'><strong>laessi</strong></span> <span class='ocrx_word' id='word_1_132' title='bbox 937 2982 1219 3070; x_wconf 73' lang='lat' dir='ltr'><strong>adomiuyleveie,</strong></span> 
     </span>
     <span class='ocr_line' id='line_1_19' title="bbox 10 3088 539 3186; baseline 0.006 -35"><span class='ocrx_word' id='word_1_133' title='bbox 10 3143 11 3186; x_wconf 50' lang='lat'>3</span> <span class='ocrx_word' id='word_1_134' title='bbox 95 3088 170 3154; x_wconf 90' lang='lat' dir='ltr'><strong>mint</strong></span> <span class='ocrx_word' id='word_1_135' title='bbox 184 3089 321 3157; x_wconf 82' lang='lat' dir='ltr'><strong>ientebb</strong></span> <span class='ocrx_word' id='word_1_136' title='bbox 340 3091 414 3157; x_wconf 74' lang='lat'><strong>176.</strong></span> <span class='ocrx_word' id='word_1_137' title='bbox 431 3111 474 3157; x_wconf 84' lang='lat' dir='ltr'><strong>sa.</strong></span> <span class='ocrx_word' id='word_1_138' title='bbox 491 3090 539 3174; x_wconf 85' lang='lat' dir='ltr'><strong>a.)</strong></span> 
     </span>
     <span class='ocr_line' id='line_1_20' title="bbox 10 3195 1218 3294; baseline 0.002 -32"><span class='ocrx_word' id='word_1_139' title='bbox 10 3199 12 3224; x_wconf 70' lang='lat'><em>³</em></span> <span class='ocrx_word' id='word_1_140' title='bbox 195 3198 278 3263; x_wconf 90' lang='lat' dir='ltr'><strong>Item</strong></span> <span class='ocrx_word' id='word_1_141' title='bbox 296 3195 446 3265; x_wconf 81' lang='lat' dir='ltr'><strong>officiatis</strong></span> <span class='ocrx_word' id='word_1_142' title='bbox 461 3217 607 3265; x_wconf 86' lang='lat' dir='ltr'><strong>sororum</strong></span> <span class='ocrx_word' id='word_1_143' title='bbox 625 3199 743 3264; x_wconf 84' lang='lat' dir='ltr'><strong>Sancte</strong></span> <span class='ocrx_word' id='word_1_144' title='bbox 759 3196 862 3264; x_wconf 84' lang='lat' dir='ltr'><strong>Marie</strong></span> <span class='ocrx_word' id='word_1_145' title='bbox 878 3196 918 3262; x_wconf 88' lang='lat' dir='ltr'><strong>de</strong></span> <span class='ocrx_word' id='word_1_146' title='bbox 944 3195 1059 3264; x_wconf 81' lang='lat' dir='ltr'><strong>Insula</strong></span> <span class='ocrx_word' id='word_1_147' title='bbox 1087 3197 1218 3294; x_wconf 80' lang='lat' dir='ltr'><strong>litteras</strong></span> 
     </span>
    </p>
   </div>
   <div class='ocr_carea' id='block_1_7' title="bbox 10 3303 1218 3924">
    <p class='ocr_par' dir='ltr' id='par_1_9' title="bbox 10 3303 1218 3924">
     <span class='ocr_line' id='line_1_21' title="bbox 96 3303 1217 3389; baseline 0.004 -23"><span class='ocrx_word' id='word_1_148' title='bbox 96 3308 215 3371; x_wconf 86' lang='lat' dir='ltr'><strong>uestras</strong></span> <span class='ocrx_word' id='word_1_149' title='bbox 231 3307 294 3373; x_wconf 90' lang='lat' dir='ltr'><strong>sub</strong></span> <span class='ocrx_word' id='word_1_150' title='bbox 311 3305 527 3389; x_wconf 80' lang='lat' dir='ltr'><strong>sigillosnnli</strong></span> <span class='ocrx_word' id='word_1_151' title='bbox 543 3307 642 3372; x_wconf 83' lang='lat' dir='ltr'><strong>uestri</strong></span> <span class='ocrx_word' id='word_1_152' title='bbox 660 3305 808 3373; x_wconf 83' lang='lat' dir='ltr'><strong>exhibuit</strong></span> <span class='ocrx_word' id='word_1_153' title='bbox 823 3305 919 3373; x_wconf 87' lang='lat' dir='ltr'><strong>nobis</strong></span> <span class='ocrx_word' id='word_1_154' title='bbox 936 3305 996 3372; x_wconf 88' lang='lat' dir='ltr'><strong>sub</strong></span> <span class='ocrx_word' id='word_1_155' title='bbox 1012 3303 1075 3372; x_wconf 85' lang='lat' dir='ltr'><strong>hac</strong></span> <span class='ocrx_word' id='word_1_156' title='bbox 1090 3303 1217 3373; x_wconf 77' lang='lat' dir='ltr'><strong>torma:</strong></span> 
     </span>
     <span class='ocr_line' id='line_1_22' title="bbox 10 3379 1217 3498; baseline 0.001 -20"><span class='ocrx_word' id='word_1_157' title='bbox 10 3379 13 3462; x_wconf 55' lang='lat' dir='ltr'><strong>i</strong></span> <span class='ocrx_word' id='word_1_158' title='bbox 192 3411 261 3479; x_wconf 85' lang='lat' dir='ltr'><strong>Nos</strong></span> <span class='ocrx_word' id='word_1_159' title='bbox 278 3415 315 3480; x_wconf 91' lang='lat' dir='ltr'><strong>B.</strong></span> <span class='ocrx_word' id='word_1_160' title='bbox 335 3415 398 3480; x_wconf 92' lang='lat' dir='ltr'><strong>Dei</strong></span> <span class='ocrx_word' id='word_1_161' title='bbox 414 3413 530 3496; x_wconf 83' lang='lat' dir='ltr'><strong>gracia</strong></span> <span class='ocrx_word' id='word_1_162' title='bbox 546 3415 615 3480; x_wconf 84' lang='lat' dir='ltr'><strong>Rex</strong></span> <span class='ocrx_word' id='word_1_163' title='bbox 639 3413 786 3497; x_wconf 81' lang='lat' dir='ltr'><strong>Vngarie</strong></span> <span class='ocrx_word' id='word_1_164' title='bbox 818 3414 881 3480; x_wconf 84' lang='lat' dir='ltr'><strong>stb.</strong></span> <span class='ocrx_word' id='word_1_165' title='bbox 914 3410 1129 3498; x_wconf 69' lang='lat' dir='ltr'><strong>(kivetkezik</strong></span> <span class='ocrx_word' id='word_1_166' title='bbox 1161 3414 1217 3481; x_wconf 86' lang='lat' dir='ltr'><strong>IV.</strong></span> 
     </span>
     <span class='ocr_line' id='line_1_23' title="bbox 94 3515 1020 3606; baseline 0.007 -25.418"><span class='ocrx_word' id='word_1_167' title='bbox 94 3515 168 3585; x_wconf 82' lang='lat' dir='ltr'><strong>Bela</strong></span> <span class='ocrx_word' id='word_1_168' title='bbox 182 3519 215 3586; x_wconf 84' lang='lat' dir='ltr'><strong>ki</strong></span> <span class='ocrx_word' id='word_1_169' title='bbox 222 3519 363 3605; x_wconf 67' lang='lat' dir='ltr'><strong>rslynnk</strong></span> <span class='ocrx_word' id='word_1_170' title='bbox 379 3521 557 3606; x_wconf 75' lang='lat' dir='ltr'><strong>ukmanys,</strong></span> <span class='ocrx_word' id='word_1_171' title='bbox 575 3521 657 3587; x_wconf 90' lang='lat' dir='ltr'><strong>mint</strong></span> <span class='ocrx_word' id='word_1_172' title='bbox 673 3520 804 3588; x_wconf 83' lang='lat' dir='ltr'><strong>seutebb</strong></span> <span class='ocrx_word' id='word_1_173' title='bbox 820 3521 896 3589; x_wconf 80' lang='lat'><strong>202.</strong></span> <span class='ocrx_word' id='word_1_174' title='bbox 912 3541 957 3589; x_wconf 88' lang='lat' dir='ltr'><strong>sz.</strong></span> <span class='ocrx_word' id='word_1_175' title='bbox 976 3517 1020 3606; x_wconf 78' lang='lat' dir='ltr'><strong>a)</strong></span> 
     </span>
     <span class='ocr_line' id='line_1_24' title="bbox 10 3621 1138 3697; baseline 0.007 -11"><span class='ocrx_word' id='word_1_176' title='bbox 10 3659 11 3662; x_wconf 60' lang='lat'><em>=</em></span> <span class='ocrx_word' id='word_1_177' title='bbox 95 3621 205 3693; x_wconf 87' lang='lat' dir='ltr'><strong>Datum</strong></span> <span class='ocrx_word' id='word_1_178' title='bbox 220 3630 379 3696; x_wconf 85' lang='lat' dir='ltr'><strong>vicesimo</strong></span> <span class='ocrx_word' id='word_1_179' title='bbox 397 3627 540 3696; x_wconf 85' lang='lat' dir='ltr'><strong>secundo</strong></span> <span class='ocrx_word' id='word_1_180' title='bbox 556 3627 608 3695; x_wconf 90' lang='lat' dir='ltr'><strong>die</strong></span> <span class='ocrx_word' id='word_1_181' title='bbox 625 3627 814 3694; x_wconf 87' lang='lat' dir='ltr'><strong>festiuitatis</strong></span> <span class='ocrx_word' id='word_1_182' title='bbox 830 3627 942 3695; x_wconf 87' lang='lat' dir='ltr'><strong>Sancti</strong></span> <span class='ocrx_word' id='word_1_183' title='bbox 958 3627 1138 3697; x_wconf 85' lang='lat' dir='ltr'><strong>Michaelis.</strong></span> 
     </span>
     <span class='ocr_line' id='line_1_25' title="bbox 10 3721 1218 3818; baseline 0.002 -18"><span class='ocrx_word' id='word_1_184' title='bbox 10 3721 11 3726; x_wconf 58' lang='grc'>’</span> <span class='ocrx_word' id='word_1_185' title='bbox 194 3735 365 3801; x_wconf 80' lang='lat' dir='ltr'><strong>Kiviil:</strong></span> <span class='ocrx_word' id='word_1_186' title='bbox 397 3733 681 3802; x_wconf 82' lang='lat' dir='ltr'><strong>Excellentissimo</strong></span> <span class='ocrx_word' id='word_1_187' title='bbox 714 3735 845 3804; x_wconf 91' lang='lat' dir='ltr'><strong>domino</strong></span> <span class='ocrx_word' id='word_1_188' title='bbox 877 3756 937 3803; x_wconf 89' lang='lat' dir='ltr'><strong>suu</strong></span> <span class='ocrx_word' id='word_1_189' title='bbox 968 3735 1097 3806; x_wconf 88' lang='lat' dir='ltr'><strong>Illustri</strong></span> <span class='ocrx_word' id='word_1_190' title='bbox 1134 3738 1218 3818; x_wconf 80' lang='lat' dir='ltr'><strong>Regi</strong></span> 
     </span>
     <span class='ocr_line' id='line_1_26' title="bbox 10 3837 238 3924; baseline 0.044 -23"><span class='ocrx_word' id='word_1_191' title='bbox 10 3871 12 3894; x_wconf 62' lang='grc' dir='ltr'>ι</span> <span class='ocrx_word' id='word_1_192' title='bbox 98 3837 238 3924; x_wconf 82' lang='lat' dir='ltr'><strong>Vngarie.</strong></span> 
     </span>
    </p>
   </div>
   <div class='ocr_carea' id='block_1_8' title="bbox 10 4038 1224 4196">
    <p class='ocr_par' dir='ltr' id='par_1_10' title="bbox 10 4038 1224 4196">
     <span class='ocr_line' id='line_1_27' title="bbox 10 4038 1224 4118; baseline 0.002 -30"><span class='ocrx_word' id='word_1_193' title='bbox 10 4115 11 4118; x_wconf 7' lang='grc' dir='ltr'><strong>Ἴ</strong></span> <span class='ocrx_word' id='word_1_194' title='bbox 104 4038 229 4091; x_wconf 75' lang='lat' dir='ltr'><strong>Eredetie</strong></span> <span class='ocrx_word' id='word_1_195' title='bbox 249 4040 435 4107; x_wconf 71' lang='lat' dir='ltr'><strong>berhsrtyam</strong></span> <span class='ocrx_word' id='word_1_196' title='bbox 454 4057 471 4092; x_wconf 83' lang='lat' dir='ltr'><strong>a</strong></span> <span class='ocrx_word' id='word_1_197' title='bbox 490 4041 572 4092; x_wconf 75' lang='lat' dir='ltr'><strong>hatul</strong></span> <span class='ocrx_word' id='word_1_198' title='bbox 591 4043 645 4094; x_wconf 85' lang='lat' dir='ltr'><strong>oda</strong></span> <span class='ocrx_word' id='word_1_199' title='bbox 663 4046 797 4106; x_wconf 78' lang='lat' dir='ltr'><strong>nyomotc</strong></span> <span class='ocrx_word' id='word_1_200' title='bbox 814 4041 908 4107; x_wconf 78' lang='lat' dir='ltr'><strong>peccet</strong></span> <span class='ocrx_word' id='word_1_201' title='bbox 926 4041 1068 4106; x_wconf 71' lang='lat' dir='ltr'><strong>eluenaci,</strong></span> <span class='ocrx_word' id='word_1_202' title='bbox 1096 4057 1113 4092; x_wconf 83' lang='lat' dir='ltr'><strong>a</strong></span> <span class='ocrx_word' id='word_1_203' title='bbox 1132 4040 1224 4091; x_wconf 80' lang='lat' dir='ltr'><strong>budei</strong></span> 
     </span>
     <span class='ocr_line' id='line_1_28' title="bbox 442 4131 859 4196; baseline -0.002 -13"><span class='ocrx_word' id='word_1_204' title='bbox 442 4132 494 4183; x_wconf 82' lang='lat' dir='ltr'><strong>luir.</strong></span> <span class='ocrx_word' id='word_1_205' title='bbox 513 4131 641 4184; x_wconf 84' lang='lat' dir='ltr'><strong>kamarai</strong></span> <span class='ocrx_word' id='word_1_206' title='bbox 660 4132 859 4196; x_wconf 74' lang='lat' dir='ltr'><strong>leveltttrbsn.)</strong></span> 
     </span>
    </p>
   </div>
   <div class='ocr_carea' id='block_1_9' title="bbox 0 0 1562 5186">
    <p class='ocr_par' dir='ltr' id='par_1_11' title="bbox 0 0 1562 5186">
     <span class='ocr_line' id='line_1_29' title="bbox 0 0 1562 5186; baseline 0 2"><span class='ocrx_word' id='word_1_207' title='bbox 0 0 1562 5186; x_wconf 95' lang='lat' dir='ltr'><strong> </strong></span> 
     </span>
    </p>
   </div>
  </div>
 </body>
</html>
