3116 5178
834 301 996 402 ,es-o-

349 493 431 562 bere
446 497 479 580 et
493 495 584 564 nullo
600 491 695 563 modo
711 495 949 581 contravenire,
965 499 999 561 et
1012 489 1101 577 quod
1110 490 1235 561 dabunt
1245 509 1387 581 operam,
1395 488 1474 575 quod

349 601 413 670 hee
428 601 539 670 onmia
554 603 777 670 observentur
793 603 832 670 ln
843 601 940 671 buius
950 605 1061 669 antem
1074 599 1306 689 testimonium,
1322 605 1355 666 et
1370 604 1404 666 nt
1416 598 1474 664 heo
1544 627 1547 716 p

353 710 463 795 magis
495 711 593 778 robur
624 710 770 778 obtineat
801 709 974 796 firmitatis,
1006 727 1143 795 presens
1159 714 1292 797 paetum
1307 713 1340 774 et
1357 724 1470 774 coneor·
1545 717 1547 798 j

224 837 225 842 ¹
355 816 445 883 diam
461 815 556 884 iussit
572 815 679 884 dietus
693 815 843 885 dominus
858 817 935 884 Dux
952 816 1005 884 sui
1015 814 1118 902 sigilli
1135 813 1313 882 munimine
1328 811 1471 882 roborari
1546 799 1547 878 ἐ

355 924 444 991 Data
458 921 606 991 venetiis
622 922 657 988 in
681 923 809 1008 palatio
839 924 988 991 Duoatus
1010 922 1044 989 in
1061 922 1213 990 Riroelto
1228 922 1308 990 urbe
1322 919 1410 987 felioi
1423 937 1473 1003 per

354 1049 488 1098 menum
504 1027 670 1098 Gabrielis
684 1029 817 1098 Paulini
832 1029 960 1116 Notarii
974 1033 1151 1114 nostreque
1167 1027 1265 1096 Ourie
1289 1023 1476 1098 cancelarii
1545 1081 1547 1100 r

356 1136 508 1206 lelioiter.
524 1137 637 1206 Amen.
1546 1145 1547 1158 ¹

358 1333 395 1396 (A
414 1335 555 1387 velenezei
572 1333 758 1402 kbztdrsastig
789 1335 892 1386 »Liber
921 1335 1089 1386 Paetorum«
1122 1333 1213 1386 eaimti
1244 1331 1482 1400 illsmkbnyrbbul

805 1426 829 1476 1.
848 1425 909 1477 ket.
930 1429 989 1477 sse.
1011 1427 1042 1490 1.)
1545 1425 1547 1434 ⁴

278 2489 281 2497 .
361 2441 385 2506 Ι
391 2441 427 2510 V.
442 2443 527 2509 Belo
542 2442 721 2528 kirdlynale
735 2443 883 2529 bizonyos
911 2439 1019 2510 Kdrds
1042 2445 1226 2530 odrmopyet'
1256 2443 1393 2509 birtoleot
1425 2443 1491 2504 ter-
1545 2347 1547 2504 1

360 2551 464 2636 ppasd
480 2550 667 2637 adomcioyo
682 2549 826 2636 Zlaynae'
842 2549 951 2636 Morpe
983 2551 1014 2614 es
1046 2550 1176 2617 Motltko
1206 2553 1366 2632 ssdmdro.
1396 2547 1486 2612 1253.
1543 2505 1547 2668 ι

452 2744 533 2810 Bela
543 2743 605 2809 Dei
614 2742 729 2826 graoio
739 2742 892 2830 Vngarie,
904 2742 1088 2831 Dalmaeie,
1099 2744 1360 2833 Croaoie,Rame,
1370 2739 1486 2821 Seruie,
1546 2765 1547 2768 ¹

367 2851 518 2938 Gallieie,
535 2852 738 2934 lodomorio‚
756 2850 975 2935 comanreque
990 2853 1063 2919 Rex
1088 2852 1236 2921 omnibns
1253 2851 1376 2920 Christi
1390 2849 1484 2918 fideli·

361 2961 423 3028 bns
440 2967 624 3047 presentem
656 2955 813 3046 paginam
828 2960 1026 3046 inspecturis
1052 2959 1189 3028 salutem
1206 2958 1240 3027 in
1257 2981 1335 3028 vero
1351 2957 1491 3028 salutari.

364 3065 417 3135 Ad
448 3065 604 3136 noticiam
636 3067 861 3134 universorum
876 3067 990 3136 herum
1013 3069 1100 3135 serie
1130 3067 1279 3136 volumus
1311 3068 1486 3155 pervenire,

371 3176 459 3259 qnod
490 3175 606 3242 fideles
636 3176 750 3260 nostri,
781 3175 910 3260 providi
940 3174 1013 3263 uiri,
1031 3178 1144 3261 hlerge
1175 3174 1262 3243 iilius
1279 3173 1450 3261 Stephani,
1463 3177 1495 3240 et
1546 3177 1547 3196 ¹

369 3282 505 3351 Mothlro
530 3281 617 3350 filius
634 3281 772 3350 Wlkosa
788 3282 829 3347 de
861 3282 999 3370 Zlayna,
1031 3282 1075 3349 ad
1106 3290 1254 3351 nostrum
1289 3289 1490 3370 conspertum

366 3390 583 3477 oorporslitar
598 3391 778 3476 venientes,
794 3371 892 3458 nobis
911 3389 1093 3456 humillime
1107 3389 1319 3478 supliearnnt,
1336 3390 1422 3474 qnod
1433 3409 1491 3456 nos

366 3495 532 3580 quendam
564 3499 763 3584 particulam
789 3505 875 3565 terre
890 3517 994 3565 saeue
1009 3516 1069 3564 seu
1084 3497 1326 3566 habitatoribus
1342 3496 1491 3567 destitute

366 3601 402 3668 in
418 3602 580 3671 Comitatu
595 3609 705 3674 nostro
722 3605 879 3673 brisiensi
894 3604 1041 3672 habitam
1066 3605 1189 3673 eisdem
1204 3605 1315 3690 biorge
1331 3613 1365 3673 et
1393 3602 1492 3672 iroth

365 3709 445 3778 honi
463 3709 542 3779 dare
558 3718 590 3778 et
605 3711 783 3780 oonoedere
804 3711 1024 3797 dignaremur.
1042 3711 1110 3782 Nos
1126 3711 1224 3798 igitur
1239 3711 1447 3782 attendentes
1461 3721 1497 3780 et

366 3816 608 3888 oonsiderantes
641 3818 1056 3903 mulbmoda,fidellissima
1070 3819 1212 3889 serrieia
1227 3821 1370 3909 ipsorum
1385 3823 1495 3905 herge

304 4009 307 4016 ¹
364 3936 399 3996 et
412 3925 612 4014 blotbkonis,
628 3927 747 4013 quibus
762 3928 826 4014 ipsi
845 3927 987 3997 culmini
1013 3935 1108 4002 notro
1140 3928 1361 3999 diversimode
1391 3927 1494 3998 stude—

367 4043 442 4102 runt
473 4035 689 4122 eomplseere,
723 4034 844 4104 dietam
877 4034 1070 4124 perticulam
1087 4042 1173 4104 terro
1192 4043 1303 4106 nostre
1319 4057 1421 4106 raone
1436 4055 1495 4106 sen
1546 4121 1547 4124 Ἴ

369 4142 499 4212 deserte
514 4143 595 4229 ipsis
612 4143 723 4226 Merge
738 4150 771 4210 et
785 4141 959 4212 Mothkoni
975 4142 1219 4230 heredibusque
1234 4150 1268 4211 et
1297 4144 1494 4232 posteritati·

370 4254 430 4320 bus
459 4248 603 4334 ipsorum
634 4249 795 4320 uniuersis
826 4250 944 4320 damus
959 4259 992 4319 et
1009 4249 1218 4321 eoneedimus
1243 4251 1498 4322 irremeabiliter
1545 4321 1547 4356 Ι

370 4364 528 4446 perpetuo
560 4357 746 4444 tenendam,
779 4357 966 4427 habendam
995 4365 1028 4428 et
1057 4357 1303 4450 possidendam,
1330 4381 1423 4448 quam
1437 4377 1497 4426 nos
1545 4365 1547 4394 ⁴

370 4465 589 4552 personaliter
619 4465 832 4554 inspeximus,
860 4473 893 4535 et
917 4473 976 4555 per
992 4464 1169 4554 Georgium
1186 4468 1346 4538 Comitem
1361 4467 1497 4539 Grisien·

371 4593 450 4658 sem,
467 4582 566 4658 atque
595 4573 744 4645 Prelsam
768 4575 972 4644 Terrestrem
988 4575 1104 4646 meteri
1121 4573 1289 4664 ferientes,
1307 4575 1351 4645 de
1364 4591 1496 4662 quorum
