3160 5208
824 242 986 346 Q

204 443 210 454 “
341 437 459 511 comiti
472 465 481 522 3
496 446 528 510 ot
543 439 636 508 uadit
650 437 787 508 inferius
803 460 866 524 que
882 439 999 507 dicitur
1014 439 1230 526 Wyrnsmort,
1247 447 1280 506 et
1293 440 1376 506 inter
1391 439 1459 528 wy·
1576 481 1577 520 3

341 555 480 616 rusmort
495 547 539 614 ad
556 557 681 634 portum
696 547 812 614 Nuaclr
830 553 880 615 est
894 554 981 614 mota
996 547 1038 614 do
1064 547 1197 636 Drama,
1228 556 1260 616 et
1291 547 1391 616 tendit
1421 549 1471 616 od¹

344 654 510 724 meridiem
528 653 688 740 usquead
705 655 969 741 domsmPolcs;
992 659 1025 720 et
1049 655 1128 722 inde
1159 655 1264 722 tendit
1294 658 1336 722 ad
1364 657 1461 723 locum

344 764 401 847 qui
417 769 551 830 uocatur
567 762 677 830 chatet
693 763 834 848 signatis
850 761 952 847 locis;
976 769 1009 829 et
1033 762 1079 830 ibi
1104 764 1204 829 intrat
1233 763 1267 830 in
1298 762 1408 830 ohoret
1432 764 1467 830 in
1576 800 1577 804 =

343 867 415 938 loco
431 869 486 956 qui
502 880 636 938 vocatur
653 869 784 955 Gorgos
798 869 939 954 fencree,
955 876 989 935 et
1005 869 1125 938 transit
1141 871 1230 938 illum
1242 871 1461 954 cheretsigna·

347 977 389 1064 tis
404 978 503 1064 locis;
527 986 559 1045 et
575 977 680 1046 tendit
695 978 809 1046 iterum
826 977 869 1045 ad
884 985 1004 1046 terram
1039 978 1275 1068 Zagrabicnsis
1306 963 1462 1063 opsoni,
1576 1017 1577 1055 3

342 1086 436 1154 stibi
453 1083 599 1154 ascendit
616 1091 648 1153 in
665 1093 816 1173 montem,
832 1092 865 1153 ct
879 1105 979 1172 sopor
993 1093 1140 1156 montem
1156 1085 1261 1154 tendit
1287 1085 1463 1169 aliquantu·

343 1195 423 1281 lurn,
440 1202 473 1261 ot
489 1193 658 1262 descendit
674 1194 707 1259 in
724 1195 840 1261 vallem
856 1193 1023 1280 Solarium,
1051 1196 1169 1262 transit
1193 1194 1326 1264 fluuium
1357 1191 1464 1260 Solati-

271 1313 275 1326 ·
345 1302 408 1389 nic,
424 1308 457 1368 et
471 1301 621 1370 ascendit
635 1305 752 1370 iterum
768 1301 812 1369 ad
828 1309 978 1386 montem,
993 1310 1026 1370 et
1042 1303 1091 1370 sic
1109 1323 1165 1388 per
1175 1311 1317 1370 montem
1328 1301 1418 1369 uenit
1425 1300 1469 1368 ad
1574 1339 1577 1376 r

343 1409 484 1497 priorem
500 1423 629 1479 morsm.

451 1517 604 1586 Preterea
620 1519 846 1585 confirmamus
863 1517 950 1584 dicto
967 1519 1027 1586 Th.
1046 1518 1161 1584 (lomiti
1178 1517 1295 1586 siluam
1305 1517 1470 1602 quandam-

344 1625 473 1694 nomine
489 1626 593 1713 Solea,
620 1646 682 1710 que
697 1625 956 1694 vdwornicorsm
971 1624 1078 1694 fuerat
1094 1626 1135 1692 de
1151 1626 1229 1693 villa
1244 1624 1342 1692 Kelol
1359 1625 1392 1689 in
1408 1621 1463 1688 Go-

344 1733 459 1800 miratu
475 1732 693 1819 Sumugyensi
710 1733 817 1819 sitam,
834 1741 868 1802 ot
883 1741 1002 1804 terram
1020 1734 1063 1798 ad
1093 1733 1263 1800 duodecim
1294 1739 1409 1798 aratra
1436 1731 1467 1796 in
1575 1801 1577 1808 A

346 1842 427 1908 villa
443 1841 593 1908 Brunoha
608 1863 629 1908 a
645 1843 761 1909 Castro
777 1840 994 1928 Snmugyensi
1010 1849 1193 1926 exceptam.
1219 1838 1318 1906 Ouios
1334 1845 1420 1906 moto
1433 1847 1464 1904 ot
1560 1920 1563 1923 ¹

345 1949 536 2017 donacionis
552 1969 653 2019 cansa
667 1950 700 2015 in
717 1949 890 2035 priuilegio
906 1949 1009 2035 patris
1041 1950 1143 2016 nostri
1175 1948 1368 2034 plenissimo
1398 1965 1466 2014 oon·

344 2059 496 2127 timentur.
1562 2054 1563 2057 ’

454 2167 689 2234 t'onfirmamus
705 2165 837 2252 insuper
852 2163 1022 2231 dimidiam
1038 2171 1167 2247 partem
1191 2169 1278 2231 terre
1307 2161 1420 2230 Bonan
1447 2182 1467 2228 a
1575 2203 1577 2242 ss

345 2275 497 2360 Philippo
513 2269 640 2342 domito
655 2293 713 2358 pro
728 2272 906 2356 nonaginta
922 2270 1039 2338 marcis
1054 2271 1088 2337 in
1104 2270 1273 2358 presencia
1287 2269 1469 2356 laloqsos·
1575 2289 1577 2346 j

346 2383 420 2446 dam
442 2380 583 2449 Palatini
602 2388 762 2466 emptam
780 2382 840 2446 tali
857 2379 1058 2466 condicione,
1073 2378 1159 2464 quod
1175 2379 1345 2464 Philippos
1363 2377 1471 2446 ateius
1544 2438 1548 2448 ,

345 2487 511 2558 successio
527 2486 703 2554 defendere
718 2494 843 2554 tenetur
858 2486 919 2554 Th.
937 2486 1106 2571 Comitem,
1122 2487 1151 2552 si
1167 2505 1232 2570 qua
1247 2483 1476 2556 controuersia
1576 2527 1577 2530 =

342 2617 442 2682 sopor
459 2603 568 2681 empta
585 2603 670 2663 terra
690 2601 891 2664 nasceretur.

346 2794 425 2852 (Bora
445 2795 534 2859 ir'jabb
556 2751 706 2858 lrirdlynals
725 2792 896 2858 magandsittl
915 2785 1422 2858 okmdnydbdl‚mintaldbb163.z.
1435 2793 1477 2853 al»
1562 2772 1564 2775 ¹

882 3706 954 3772 roa.
1568 3555 1577 3820 1

1574 3821 1577 3862 i

353 3905 398 3971 11.
416 3905 522 3971 snare
536 3905 711 3990 airclynak
742 3905 877 3970 roccus
907 3905 1189 3993 amensamens
1219 3907 1380 3994 corniger
1410 3909 1474 3972 rnr-
1571 3864 1577 4004 l

489 4017 593 4099 yyoad
616 4014 798 4099 adomdayo
817 4013 935 4078 Ταπιάε
951 4035 1050 4079 comas
1064 4015 1223 4080 ammom.
1243 4013 1339 4081 1231.

462 4209 498 4276 ln
539 4210 667 4276 'nomine
705 4211 827 4277 Sancto
858 4209 1029 4277 Trinitatis
1060 4217 1092 4278 et
1122 4209 1293 4278 Indiuidua
1325 4210 1475 4280 Vnitatis.

352 4317 500 4384 Andreas
520 4317 581 4384 Dei
596 4318 708 4402 gracia
724 4317 902 4404 surgam,
918 4316 1098 4401 Dalmacie,
1115 4318 1260 4405 Grande,
1276 4318 1390 4404 Rama,
1405 4317 1473 4384 Ser·

352 4424 414 4510 uie,
435 4425 583 4512 Gallicis,
600 4426 856 4510 Lodomerieque
871 4427 942 4494 Rex
966 4427 1001 4494 in
1027 4434 1228 4513 perpetuum.
1267 4426 1371 4511 Regia
1386 4427 1483 4493 Sero

350 4532 466 4600 ditatis
484 4533 619 4618 prouida
634 4535 883 4621 circumspectio
899 4534 985 4602 sicut
1010 4532 1043 4600 in
1073 4533 1279 4604 conferendis
1309 4531 1482 4618 beneficos
