3116 5178
844 1037 919 1110 289.

314 1242 338 1310 I
342 1243 375 1313 V.
390 1239 474 1311 Bata
488 1235 668 1330 lor'rdlynulr
684 1239 752 1306 inda
768 1241 926 1329 okordnya
942 1260 1133 1326 apponerent
1149 1233 1316 1328 tdrpydon.
1343 1239 1447 1308 1255.

419 1440 500 1508 Belo
516 1438 577 1508 Dei
603 1437 711 1525 gratia
726 1437 877 1526 Vngaric,
895 1438 1069 1522 Dalmatia,
1087 1434 1225 1522 Oroatia,
1240 1437 1353 1523 Reme,
1371 1437 1449 1504 Ser-

313 1549 376 1630 uis,
409 1547 559 1635 Gallicis,
575 1547 766 1615 Lodonrerie
783 1545 1003 1631 (lumenieque
1027 1548 1096 1612 Rex
1127 1546 1288 1632 omnibns,
1318 1546 1445 1630 quibus

318 1661 484 1740 presentes
514 1655 725 1724 ostenduntur
741 1663 807 1723 tam
823 1655 1031 1742 presentibus
1057 1671 1154 1738 quem
1170 1652 1287 1721 laturis
1302 1654 1450 1720 salntem

316 1765 349 1830 in
367 1765 508 1830 omnium
520 1763 692 1831 salvatore.
711 1760 819 1829 Officii
835 1765 936 1830 nostri
953 1761 1096 1828 debitum
1116 1759 1267 1828 remediis
1282 1757 1443 1844 invigilat

317 1871 543 1957 subiectorum,
574 1870 652 1955 quia
683 1869 759 1936 dum
790 1891 901 1938 eornm
918 1889 1016 1937 onera
1040 1869 1234 1956 relevamus,
1252 1866 1330 1934 dnm
1345 1887 1452 1936 scan-

315 1979 394 2045 dala
417 1997 629 2059 removemus,
645 1996 704 2046 nos
720 1976 753 2046 in
770 1979 947 2046 eorundem
965 1976 1073 2062 quiete
1090 1975 1298 2062 quiescimus,
1328 1983 1362 2044 et
1388 1995 1450 2062 pa·

319 2087 366 2154 cis
398 2085 539 2174 ipsorum
571 2085 705 2153 comodo
736 2086 948 2169 gratulamur.
980 2084 1122 2152 Proinde
1151 2083 1195 2151 ad
1221 2082 1450 2152 uniuersorum

318 2193 470 2262 noticiam
487 2194 636 2261 volumus
649 2195 817 2280 pervenire
833 2218 840 2261 ε
858 2193 943 2278 quod
960 2213 1030 2260 cnm
1046 2193 1131 2259 inter
1146 2189 1300 2259 dilectum
1316 2197 1349 2258 et
1363 2189 1448 2258 lide·
1523 2207 1532 2216 ·

319 2299 378 2365 lem
396 2307 541 2368 nostrum
569 2301 747 2368 Hernicum
778 2301 934 2368 Comitem
960 2299 1198 2384 Symigiensem
1215 2305 1451 2366 etcsstrcnaea

320 2407 360 2473 de
372 2405 524 2491 Garigex
535 2417 711 2495 nuaparte,
723 2407 957 2494 etJ‘obagiones
973 2404 1080 2475 (lastri
1097 2407 1131 2472 in
1147 2406 1220 2494 ipsa
1236 2405 1339 2490 Garig
1355 2405 1446 2472 exis·
1528 2428 1533 2436 ·

321 2519 428 2581 tentes
459 2534 502 2581 ex
532 2515 647 2602 altera,
679 2517 734 2602 qui
767 2535 789 2582 a
811 2523 956 2601 tempore
971 2515 1069 2600 Regis
1086 2512 1266 2596 Golomani,
1283 2512 1451 2581 carissimi

316 2619 428 2688 cratus
444 2624 544 2690 nostri
562 2623 649 2691 clare
665 2623 828 2710 memorie,
862 2629 895 2689 et
925 2627 1001 2690 ants
1030 2623 1065 2689 in
1096 2620 1199 2706 Garig
1229 2627 1333 2688 terras
1364 2639 1445 2708 pos-

318 2726 479 2818 sederant,
510 2749 609 2816 super
624 2731 770 2799 terminis
786 2736 944 2797 terrarum
961 2749 1103 2817 suarum,
1119 2747 1226 2797 coram
1242 2729 1336 2796 nobis
1351 2747 1449 2814 ques-

317 2837 364 2903 tio
395 2844 582 2925 verteretur,
609 2841 757 2909 volentes
773 2835 968 2929 scandalum
980 2858 1038 2906 scu
1055 2837 1250 2905 discordiam
1268 2834 1387 2904 tollere
1402 2834 1447 2900 de

320 2946 426 3013 medio
443 2947 630 3031 eorundem,
648 2967 690 3014 ne
705 2947 739 3014 in
761 2953 859 3013 antea
879 2952 1059 3031 graventur
1082 2944 1249 3012 laboribus
1264 2949 1299 3010 et
1329 2959 1453 3027 expen-

321 3053 376 3143 sis,
407 3053 530 3122 dietum
554 3055 721 3123 Hernicum
740 3054 906 3138 Comitem,
927 3055 984 3139 qui
1000 3053 1072 3123 rice
1088 3073 1149 3120 sua
1166 3049 1385 3136 Pangracium
1401 3047 1450 3116 oi·

322 3160 459 3227 ficialem
480 3181 572 3229 snum
604 3159 647 3229 de
677 3161 783 3246 Garig
812 3161 857 3228 ad
887 3162 949 3230 hoe
979 3161 1159 3247 deputarit,
1191 3165 1223 3225 et
1253 3156 1452 3242 Magistrum

322 3267 535 3336 Benedictum
559 3265 951 3355 Quinqucscolesiensern,
967 3268 1094 3336 fidelem
1110 3267 1272 3335 hominem
1288 3271 1449 3347 nostrum,

321 3395 382 3461 pro
407 3374 499 3444 metis
516 3376 690 3444 eorundem
707 3376 924 3461 distingeudis
939 3375 1090 3444 duximus
1106 3371 1386 3454 transmittendos,
1401 3391 1445 3437 ne

325 3503 496 3568 prooesssu
528 3490 716 3571 temporum,
734 3484 853 3570 prefati
864 3483 1060 3570 jobagiones
1077 3482 1118 3551 de
1133 3491 1220 3550 terra
1235 3477 1454 3548 castrensium

324 3589 457 3657 valeant
474 3609 645 3680 occupare,
667 3592 719 3660 rel
735 3598 919 3660 castrenses
936 3597 1050 3659 eontra
1065 3593 1155 3677 ipsos
1170 3589 1375 3658 occasionem
1393 3607 1453 3655 sen

322 3697 493 3764 materiam
525 3701 670 3767 babeant
695 3698 894 3783 querelandi.
927 3701 975 3766 Ex
992 3697 1109 3783 quibus
1127 3696 1255 3781 nunidem
1272 3694 1458 3778 iobagioni·

324 3804 384 3872 bus
400 3804 508 3873 Oastri
524 3813 607 3875 mete
623 3813 711 3874 terre
726 3805 896 3891 lobannis,
922 3808 979 3874 lilii
1011 3806 1163 3892 Wollran,
1193 3824 1257 3888 qne
1286 3801 1447 3868 Lokouob

324 3920 540 4001 nuncupatur,
571 3910 661 3999 apud
691 3912 865 3982 ecelesiam
891 3911 1004 3982 Sancti
1020 3911 1179 3980 Johannis
1196 3909 1378 3993 existentis,
1395 3909 1456 3975 hoo

326 4019 441 4086 ordine
457 4020 690 4105 distinguntur,
704 4029 801 4107 prout
815 4021 973 4107 Magister
988 4019 1185 4086 Benedictus
1201 4022 1234 4084 et
1248 4015 1455 4101 Pangracius
1544 4044 1549 4053 ·

328 4129 506 4211 memorati,
521 4126 615 4195 nobis
630 4128 663 4194 in
680 4129 811 4214 scriptis
836 4131 1077 4214 presentarunt.
1111 4109 1230 4212 In'oipit
1244 4122 1333 4190 enim
1349 4122 1385 4189 in
1402 4141 1457 4190 ca·

328 4236 397 4321 pite
421 4234 637 4303 Labatinnich
656 4235 746 4322 apud
762 4237 918 4303 Sanctum
933 4235 1137 4318 Johannem3
1161 4233 1238 4301 inde
1251 4231 1359 4316 vergit
1373 4229 1459 4298 inie-

327 4345 395 4410 rius
413 4364 518 4429 usqne
534 4343 578 4411 ad
594 4346 701 4412 locum
719 4344 773 4410 nbi
789 4345 854 4411 erit
871 4345 1067 4430 pervellem
1083 4342 1126 4409 ad
1142 4341 1224 4410 duas
1255 4345 1361 4407 metas
1393 4345 1457 4407 ter-

326 4471 419 4534 reas;
445 4450 521 4518 inde
538 4473 596 4538 per
611 4453 788 4539 planiciem
805 4453 896 4520 vadit
922 4451 963 4518 ad
980 4451 1062 4518 duas
1078 4457 1181 4517 metas
1197 4468 1239 4514 ex
1255 4455 1351 4534 parte
1369 4453 1456 4515 terre

324 4558 452 4645 Castri5
476 4561 559 4628 inde
590 4559 634 4627 ad
665 4568 764 4647 eaput
794 4558 984 4628 Salatinnik
1015 4560 1070 4626 ubi
1097 4563 1146 4626 est
1162 4561 1249 4623 meta
1264 4556 1326 4624 snb
1343 4555 1459 4622 arbore
1547 4645 1551 4650 Ι

326 4664 502 4760 girtionia5
528 4667 604 4736 inde
620 4689 680 4756 per
696 4667 885 4740 Saintinnik
903 4667 1007 4737 nunilo
1031 4667 1099 4734 erit
1129 4661 1202 4758 (ad)
1235 4663 1318 4733 duaa
1352 4669 1458 4733 metae
