3160 5208
14 1109 18 1226 ὲ
90 1172 131 1237 II.
159 1172 457 1258 mosebruunne
473 1168 744 1257 Lenpeudfdldct
759 1173 915 1256 tdrppuzd
930 1170 1113 1254 adorndnya
1144 1167 1218 1232 Ta·-

14 1295 15 1304 ³
365 1284 447 1362 ands,
465 1279 569 1343 Botch
579 1279 626 1360 fia
642 1281 799 1344 smmdru.
815 1277 913 1344 1216.

14 1413 18 1530 i
182 1475 333 1545 Andreas
346 1474 413 1548 ‚Dei
430 1469 928 1559 maurannugsriemalnauie,
940 1469 1206 1557 (troadenses,
1222 1529 1224 1534 .

18 1591 25 1601 '
91 1581 198 1667 bernis,
215 1581 356 1668 Gulicie,
372 1579 628 1664 hodomerieque
645 1581 715 1646 Rex
732 1579 764 1644 in
792 1586 994 1666 perpetuum.
1015 1577 1208 1651 Reuerends
1225 1625 1228 1634 -

89 1689 197 1774 Regum
213 1689 412 1775 sublimibus,
438 1687 500 1754 etsi
515 1687 628 1758 innato
644 1686 709 1758 sibi
733 1685 913 1755 nobilitatis
939 1685 1079 1768 quodam
1111 1685 1209 1769 priui-

87 1795 164 1880 regio
175 1796 371 1882 largitatum
386 1816 516 1867 suarum
533 1795 627 1864 donis
644 1793 811 1863 extraneis
827 1794 930 1862 eciam
947 1792 1066 1868 debeat
1097 1811 1208 1867 oecur-

88 1923 167 1987 rero;
184 1904 383 1989 precipuum
400 1911 510 1972 tumen
528 1923 606 1986 erga
622 1922 752 1976 suorum
769 1901 972 1971 subditorum
998 1899 1205 1980 differencies

87 2009 172 2079 dohet
186 2010 310 2078 bsbere
326 2009 555 2095 diligenciam
579 2014 615 2074 nt
631 2015 752 2092 quanto
768 2009 844 2092 quis
860 2007 923 2076 sibi
947 2006 1076 2080 fidelius
1100 2007 1208 2084 famu·

88 2116 171 2200 istor,
187 2125 278 2188 tanto
295 2117 493 2203 propensius
504 2115 739 2184 munificencie
753 2137 812 2184 sue
827 2115 921 2186 donis
946 2117 1202 2194 remunerandus

88 2221 147 2290 ione
162 2230 346 2294 censeatur.
369 2223 664 2295 Animaduersione
688 2221 849 2308 siquidem
879 2224 982 2308 Regis
1010 2223 1202 2310 circumspe-

86 2333 188 2399 ctionis
204 2341 391 2404 nostrcmm
407 2333 553 2402 fidelium
568 2332 712 2402 seruicia
728 2353 785 2418 pre
801 2333 921 2403 occulis
937 2333 1054 2406 ruentis
1086 2333 1205 2410 huben·

88 2445 137 2525 tes,
154 2447 286 2526 propter
303 2440 423 2507 eximie
437 2439 608 2508 fidelitatis
635 2438 869 2526 constanciam,
900 2460 998 2524 quam
1029 2440 1063 2507 in
1095 2448 1207 2508 nostro

86 2545 161 2614 ideti
176 2548 304 2615 Thomu
316 2547 389 2616 nitio
402 2547 507 2615 Botcb
517 2549 699 2616 muitarum
710 2547 915 2631 probitatum
931 2547 1208 2618 exhibicione-ue·

87 2657 192 2723 rnciter
207 2677 323 2732 sumus
341 2656 478 2742 experti,
489 2655 527 2721 in
543 2673 674 2722 snorum
708 2657 1049 2740 recompensacionem
1079 2658 1207 2722 merito·

88 2781 146 2825 rum
162 2784 219 2849 pro
236 2763 432 2832 concambio
449 2773 532 2831 terre
549 2784 616 2848 sue,
634 2783 732 2848 quam
749 2761 873 2849 pridem
891 2762 952 2830 sibi
968 2765 1224 2830 contuleramus

87 2874 116 2932 tn
129 2868 254 2956 Scipus,
272 2877 397 2938 terrum
414 2869 627 2958 besentioni,
644 2871 699 2938 vbi
724 2870 853 2955 magnis
877 2870 1042 2936 laboribus
1068 2871 1207 2956 propriis

88 2978 261 3063 sumptibus
279 2979 364 3046 duas
380 2999 518 3063 magnas
534 2981 630 3046 villas
648 2979 871 3065 constituerat,
903 2984 1023 3045 terram
1040 2977 1205 3063 quandam

88 3085 216 3169 quinque
231 3087 439 3152 mansionum
461 3086 652 3172 populorum
668 3085 766 3154 castri
782 3087 824 3154 de
841 3085 997 3170 Nevgrsd
1021 3093 1207 3169 exemptum

88 3194 205 3261 nomine
221 3195 393 3278 hengend,
409 3205 474 3262 tam
492 3194 555 3262 sibi
570 3215 667 3279 quem
684 3196 753 3263 suis
768 3194 941 3264 heredibus
957 3195 1151 3264 contulimus
1169 3197 1209 3261 in

88 3310 267 3384 perpetuum
285 3304 531 3389 possidendam.
555 3302 656 3381 Quem
674 3302 706 3370 in
733 3305 973 3390 possessionem
1006 3303 1091 3371 dicto
1121 3311 1207 3371 terre

87 3409 280 3488 perfidelem
299 3410 506 3494 iobsgionem
539 3417 685 3478 nostrum
711 3419 789 3478 tunc
819 3411 977 3496 temporis
1006 3411 1204 3497 Palatinum,

89 3513 200 3580 scilieet
214 3516 429 3584 Benchonem
445 3517 583 3584 fecimus
614 3516 785 3600 introduci,
817 3519 893 3584 iicet
923 3519 1116 3606 interpolato
1147 3517 1210 3586 ali·

89 3627 197 3701 quanto
214 3622 373 3710 temporis
388 3627 510 3710 spacio,
528 3645 664 3710 presens
681 3625 892 3712 priuilegium
903 3625 1226 3711 fieriiussissemnsp

89 3727 244 3807 quiscum
264 3730 530 3798 dictus'fbomss
547 3731 580 3798 in
605 3731 670 3797 iam
702 3733 822 3800 dictam
852 3742 974 3800 terram
1004 3735 1207 3802 introductus

89 3833 207 3924 fuisset,
221 3837 360 3921 quidam
377 3839 419 3907 ds
434 3839 663 3924 iobegionibus
679 3839 876 3914 dicticastri
900 3843 1033 3919 nominc
1062 3843 1209 3927 Wylmos

89 3959 150 4010 cnm
166 3946 268 4014 sociis
284 3946 353 4016 suis
369 3965 468 4032 super
483 3945 660 4017 medietate
676 3946 763 4015 dicte
777 3954 862 4017 torre
893 3949 998 4035 ipsum
1032 3949 1207 4034 prohibuit,

90 4051 167 4129 oron
181 4051 318 4138 propria
334 4050 420 4140 (sua)
437 4062 639 4139 terraemot,
655 4074 715 4131 nec
728 4055 800 4124 Rex
815 4075 890 4125 earn
904 4055 1036 4128 sciendo
1052 4055 1206 4132 contulis-

87 4162 140 4222 set
161 4157 268 4246 Super
280 4159 442 4246 ,quadum
457 4159 514 4227 diu
524 4159 748 4247 disceptatum
763 4164 848 4230 inter
859 4181 920 4239 ¹crs
936 4163 1060 4248 fuisset,
1077 4165 1206 4234 tandem

90 4262 387 4350 ortinejnuioisrio
404 4267 574 4352 presencia
588 4267 689 4336 nostri
715 4269 885 4354 probatum
911 4278 969 4357 est,
995 4269 1081 4356 quod
1106 4270 1229 4346 dictus-

27 4376 33 4388 '
89 4363 345 4456 Wutnosniobir
362 4373 408 4444 ibi
423 4373 504 4446 iuris
519 4373 695 4447 habuisset
737 4377 831 4452 Vnde
846 4397 907 4448 uos
922 4378 1042 4447 iactum
1069 4376 1210 4449 liberali-

90 4483 133 4544 ter
148 4480 279 4555 anobis
295 4479 521 4568 donacionem,
538 4485 636 4554 sicut
667 4484 773 4574 iuste;
791 4489 878 4571 ,quin
908 4485 995 4571 qnod
1026 4493 1225 4572 pomanus„

90 4583 290 4674 &distitutis
305 4588 406 4676 sigilli
422 4591 523 4661 nostd
533 4593 719 4665 rmuuimiue
735 4593 970 4664 roborabimus.
1010 4592 1110 4664 Cuius
1127 4601 1229 4666 terre·-
