3184 5186
796 287 952 388 Q

308 474 486 542 munimine
502 478 679 546 roboratas.
698 481 819 550 Datum
839 507 895 570 por
910 506 1028 556 manus
1044 487 1155 554 diieoti
1172 497 1205 556 et
1220 492 1326 560 {idetis
1337 496 1440 560 nostri

308 585 457 668 Magistri
475 587 568 653 Pauli
602 587 705 656 Eieoti
738 589 890 660 Albensis
917 597 993 662 aulo
1023 603 1136 663 nostre
1167 597 1441 685 Vionauoollarij

308 713 393 759 anuo
409 693 537 760 Domini
557 695 727 763 millesimo
744 697 963 770 ducentesimo
979 703 1185 788 sexagesimo
1202 706 1315 795 primo,
1338 706 1443 792 Regni

309 809 417 870 autem
432 803 533 870 nostri
551 824 637 871 anno
655 805 810 874 vicesimo
829 815 930 875 sexto.

311 1002 448 1062 (Eredetie
466 1002 661 1068 hornarum,
696 1020 713 1056 a
734 1006 895 1073 adid-singu
914 1010 1154 1074 selyomzsindron
1171 1011 1260 1078 fiiggd
1288 1012 1442 1077 peosttnek

435 1093 570 1146 torodsirs
588 1108 729 1160 maguam
761 1111 778 1147 a
796 1097 882 1149 budai
902 1099 955 1150 kin·
974 1100 1101 1152 kamarai
1119 1101 1316 1166 loviltdrban.)

742 1383 1009 1396 ..φη-..ιιι-

842 1922 919 1991 352.

318 2120 338 2182 l
343 2117 375 2186 V.
394 2119 475 2184 Boia
489 2119 601 2206 kira'iy
624 2118 745 2186 Tamda
760 2131 880 2186 austeri
904 2123 1012 2186 aeoozi
1036 2122 1072 2188 ki
1101 2121 1202 2210 liptoi
1224 2123 1446 2210 fdiapdanak.

531 2247 533 2254 ·
822 2228 922 2296 1261.

424 2424 503 2489 Bela
513 2422 575 2491 Dei
591 2423 706 2508 gracia
720 2425 791 2489 Rex
809 2419 979 2506 Huugarie
994 2421 1142 2491 omuibus
1157 2423 1279 2491 Christi
1294 2421 1449 2492 fidelibus

316 2535 383 2596 tam
396 2531 601 2613 presentibus
618 2549 717 2614 quum
733 2528 852 2596 suturis
868 2531 1009 2597 salutem
1025 2530 1059 2596 in
1077 2531 1227 2600 Domino.
1244 2531 1297 2598 Ad
1315 2532 1446 2600 uniuer-

317 2657 424 2703 sorum
459 2637 614 2704 notioiam
633 2645 746 2706 tenore
763 2639 968 2724 presencium
986 2639 1133 2706 volumus
1149 2639 1338 2726 peruenire,
1355 2640 1442 2724 quod

317 2744 473 2828 Magister
488 2746 632 2813 Thomas
644 2744 770 2830 janitor
785 2751 897 2812 noster
912 2746 955 2813 ab
971 2752 1060 2813 etate
1076 2766 1177 2834 opera
1203 2752 1236 2813 et
1252 2746 1365 2814 indole
1389 2769 1448 2815 sne

313 2854 497 2939 juuoututis
509 2873 580 2921 oum
591 2853 789 2922 feruoresuo
805 2852 972 2921 fidelitatis
988 2861 1021 2920 et
1031 2854 1132 2922 animi
1148 2855 1197 2922 sui
1216 2854 1447 2938 desideriosa

319 2961 412 3028 uobis
428 2961 462 3026 in
479 2961 619 3047 magnis,
636 2969 669 3027 et
694 2958 808 3027 arduis
839 2962 943 3046 Regni
975 2962 1077 3028 nostri
1108 2962 1254 3046 negociis
1286 2960 1447 3047 impendit

320 3068 468 3152 seruicia,
499 3089 561 3153 quo
589 3077 698 3136 nostre
730 3068 888 3136 voluntati
921 3069 1153 3154 perplurimum
1184 3068 1391 3153 placuerunt,
1415 3075 1447 3135 ot

324 3183 433 3241 nostro
448 3176 563 3260 Regno
580 3175 752 3243 admodum
763 3175 1076 3244 ineruntfrootuosa.
1096 3173 1222 3253 Quibus
1233 3176 1450 3245 consideratis

325 3285 469 3350 volentos
485 3284 622 3350 eundem
640 3284 685 3350 ad
714 3283 868 3366 majorem
904 3285 1093 3369 dignitatem
1125 3281 1273 3369 evehere,
1306 3284 1447 3368 primum

321 3392 475 3458 honorem
507 3392 641 3460 Comitis
673 3391 843 3459 Provinoie
859 3398 967 3458 nostro
984 3392 1026 3458 do
1042 3392 1161 3476 Liptou
1175 3390 1285 3458 eidem
1305 3391 1448 3459 eontuli-
1466 3449 1469 3452 ,

320 3523 402 3581 mus,
418 3521 490 3567 oum
506 3501 564 3567 iiia
582 3499 752 3586 potestatis
771 3499 935 3584 facultate,
953 3506 987 3566 ut
1003 3502 1163 3569 innostro
1185 3507 1295 3568 nostro
1313 3500 1450 3584 hiptou·

321 3631 398 3695 war,
432 3611 633 3678 mansionem
664 3632 756 3678 suam
790 3609 914 3677 tamdiu
940 3611 1060 3677 habore
1075 3611 1188 3696 possit,
1211 3609 1316 3676 doueo
1332 3606 1399 3676 sibi
1415 3607 1453 3675 iu

321 3728 404 3786 terra
423 3741 483 3786 soa
499 3719 624 3787 Likova
641 3722 806 3808 propriam
823 3739 930 3788 aroem
949 3721 1154 3789 exstruxerit.
1171 3721 1292 3788 Datum
1324 3719 1359 3786 in
1392 3719 1453 3786 Zo-

321 3829 386 3893 lum
419 3849 506 3894 anuo
540 3828 708 3894 millesimo
740 3826 960 3895 ducentesimo
985 3827 1189 3912 sexagesimo
1206 3827 1323 3912 primo.
1340 3827 1450 3911 Regni

323 3941 428 4000 autem
448 3931 547 4000 nostri
564 3954 650 4000 anno
666 3934 819 4000 vicesimo
836 3939 937 4000 sexto.
957 4003 964 4016 ,

497 4132 600 4194 (nonu
614 4131 765 4198 annanys
777 4115 869 4182 duam
883 4130 1004 4183 uszirau
1018 4131 1289 4198 gyojumsnyouou)
