3160 5208
889 1013 959 1081 llo.

358 1213 389 1280 Δ
405 1218 581 1300 comprimi
595 1215 824 1300 supratonsus
840 1213 1114 1300 bizoupcdyleuele,
1130 1214 1213 1300 impp
1231 1209 1348 1276 Holcott
1372 1233 1479 1276 course

455 1325 514 1390 ost
530 1324 658 1409 utddjoi
673 1324 744 1388 lr'o'zt
760 1323 909 1409 biscopes
926 1321 1121 1388 birtolroscre
1139 1324 1262 1387 tiirtdot.
1280 1318 1379 1384 1222.

466 1517 660 1586 Vniuersum
677 1517 827 1583 Ecclesic
843 1515 1096 1602 vesprimiensis
1123 1515 1307 1600 Capitulum
1334 1515 1481 1582 omnibns

358 1647 493 1712 presens
510 1627 664 1711 scriptum
681 1625 877 1710 inspecturis
894 1625 1042 1692 salutem.
1069 1624 1277 1700 Vniuersitsti
1294 1631 1402 1691 uestre
1419 1624 1482 1690 elu-

357 1741 476 1820 cescat,
493 1735 579 1818 quod
593 1734 732 1803 Michael
748 1731 834 1801 filius
851 1733 972 1800 Hoholt
989 1732 1121 1798 Comitis
1147 1752 1188 1798 ex
1221 1753 1285 1798 uno
1316 1739 1421 1817 perte,
1451 1738 1484 1799 et

358 1842 474 1911 fratres
489 1845 540 1911 sui
556 1844 644 1910 Acus
661 1851 692 1908 et
709 1842 889 1910 Nioholaus
906 1862 944 1907 ex
962 1842 1075 1926 altera,
1103 1841 1180 1908 licet
1210 1848 1298 1909 stote
1330 1840 1484 1923 minores,
1570 1850 1575 1861 ’

358 1973 429 2018 curn
444 1951 602 2037 pristaldo
619 1972 687 2035 suo,
704 1949 825 2019 seilicet
841 1951 930 2015 Bene
946 1949 1012 2014 lilio
1029 1946 1165 2033 Gregorl
1192 1951 1233 2015 de
1260 1949 1337 2016 uilla
1370 1943 1484 2032 Ozeag

357 2059 401 2127 od
417 2065 560 2125 nostram
578 2059 769 2125 accedentes
786 2058 999 2144 presenciam,
1017 2057 1180 2138 dixerunt,
1205 2076 1240 2122 se
1260 2076 1368 2124 coram
1387 2056 1483 2122 nobis

358 2171 389 2231 et
405 2185 500 2250 quom
519 2165 666 2248 pluribus
682 2164 756 2231 aliis
773 2163 870 2230 talem
896 2165 980 2229 inter
1005 2183 1040 2230 se
1072 2163 1190 2231 fecisse
1223 2162 1484 2246 consentionem,

359 2272 445 2356 quod
463 2270 680 2340 scilicetdieti
697 2271 788 2358 pueri
806 2270 997 2338 dimiserunt
1021 2269 1174 2338 Michaeli
1208 2268 1363 2358 predium,
1397 2271 1485 2354 quod
1578 2289 1579 2292 ’

361 2380 458 2464 uulgo
473 2381 616 2446 Zemena
634 2388 776 2466 uocetur,
796 2401 866 2447 curn
895 2379 1044 2447 omnibus
1070 2380 1280 2464 pertinenciis
1313 2378 1401 2464 suis3
1426 2377 1484 2443 lli·

362 2486 456 2552 chael
474 2493 581 2552 autern
599 2508 617 2554 e
635 2507 790 2556 conuerso
808 2487 933 2554 dimisit
950 2487 1211 2572 similiumque
1229 2486 1329 2571 uulgo
1349 2486 1484 2553 Forens-

364 2595 453 2662 solua
468 2601 621 2682 uocatur3
640 2598 716 2664 item
728 2596 839 2662 villam
857 2596 987 2662 Fulcusi
1001 2619 1008 2682 5
1024 2596 1100 2662 item
1111 2595 1269 2680 Peloslra3
1285 2601 1362 2663 item
1373 2593 1486 2680 Ozesg

357 2710 390 2771 et
404 2703 506 2770 Pala.
532 2703 581 2770 Ne
600 2709 708 2771 autern
724 2706 813 2772 dicte
829 2705 1005 2772 eonucncio
1024 2723 1081 2790 per
1106 2704 1244 2772 alicuius
1270 2703 1484 2790 culnmprism
1577 2760 1580 2763 .

362 2813 560 2898 inposterum
577 2820 686 2898 posset
702 2812 836 2898 irritari,
855 2820 989 2898 utraque
1014 2832 1090 2899 pars
1115 2811 1212 2898 peciit
1243 2813 1347 2899 ipsam
1380 2813 1487 2899 sigilli

360 2919 461 2988 nostri
477 2920 651 2987 munimine
666 2920 819 2989 roborari.
844 2921 910 2988 Nos
927 2927 1034 2988 cutem
1052 2921 1094 2989 ad
1110 2921 1280 3007 peticionis
1297 2941 1409 2988 eorum
1437 2922 1485 2988 in-

360 3028 519 3095 stanciam
535 3028 578 3094 od
595 3028 826 3095 eliminandum
844 3029 949 3096 tocius
966 3029 1145 3112 questionis
1161 3030 1345 3114 scrupulum
1362 3027 1484 3097 dictam

358 3134 605 3202 consensionem
622 3135 800 3202 litterarum
816 3135 1020 3220 presencium
1037 3135 1167 3222 indicijs
1184 3144 1216 3203 et
1232 3135 1340 3221 sigillo
1371 3147 1486 3204 nostro

359 3241 635 3312 communiuimus.
676 3242 795 3309 Datum
812 3262 870 3327 per
887 3262 1003 3310 manus
1018 3243 1049 3311 J.
1067 3244 1314 3330 Vesprimiensis
1327 3248 1483 3333 hectoris,

364 3368 450 3415 anno
466 3349 573 3432 gracie
588 3347 840 3416 M⁰CC⁰XX⁰II⁰
856 3350 890 3417 in
907 3350 1021 3435 vigilie
1037 3353 1187 3420 Omnium
1204 3354 1405 3422 Sanctorum.
1422 3359 1485 3425 Ro·

356 3454 453 3522 berto
469 3455 641 3542 Episcopo,
674 3457 903 3525 Bartholomeo
928 3457 1108 3545 Proposito,
1141 3459 1186 3524 Sa
1200 3480 1315 3527 omone
1330 3460 1486 3550 Centone,

358 3551 484 3629 Mothis
500 3562 641 3631 Custode
657 3565 880 3659 existentibus.

358 3757 501 3816 (Eredctie
522 3725 705 3826 bltrhsirtpdn,
726 3764 881 3828 melyrdle
906 3765 1042 3830 ktptclsn
1070 3769 1185 3820 viaszbe
1212 3772 1343 3832 rryomott
1370 3774 1484 3836 pecsete

462 3848 699 3917 htrtyszsinegsn
718 3854 796 3920 tiigg,
816 3870 833 3906 s
851 3855 938 3907 budsi
958 3856 1010 3908 kir.
1034 3859 1161 3910 nemersi
1175 3858 1373 3924 levtlttrbsn.)
