3116 5178
817 365 978 464 -Q-

312 564 451 627 «contra
466 577 561 644 quern
577 565 699 644 ageret,
729 555 788 626 sod
803 557 984 646 llpisoopus
1004 561 1204 627 memoratus
1218 557 1272 624 vol
1288 556 1361 626 eius
1393 555 1469 623 offi-

327 665 424 734 cialis
440 664 483 733 ad
498 671 643 736 nostram
660 665 872 734 Presonciam
888 665 1006 735 debeat
1023 665 1162 735 euocari.
1184 667 1222 732 In
1237 667 1332 733 onius
1345 665 1394 732 rei
1411 663 1465 732 iir-

314 773 479 841 ·mitatem
495 779 662 860 presentes
679 773 898 842 concessimus
915 772 1042 844 litteras
1058 773 1221 862 dupplicis
1238 773 1342 860 sigilli
1357 773 1466 841 nostri

256 951 260 962 ,
316 879 511 948 munimine
526 881 707 948 roboratas.
732 880 853 950 Datum
869 881 959 967 apud
975 880 1122 949 Vaslram
1140 900 1226 949 anno
1241 879 1376 948 Domini
1394 879 1466 947 mil-

309 987 444 1056 lesimo
479 987 699 1057 ducentesimo
730 988 1001 1076 quinquagesimo
1034 988 1165 1076 quinto,
1206 987 1335 1056 decimo
1365 995 1466 1057 sexto

327 1093 493 1163 kalendas
508 1094 645 1185 Aprilis,
662 1097 768 1183 Regni
783 1104 892 1165 autem
907 1096 1011 1166 nostri
1025 1118 1114 1165 anno
1129 1096 1294 1165 vicesimo.

324 1293 469 1355 (Eredetie
487 1294 671 1360 borhdrtydn,
691 1295 822 1360 melynek
842 1296 964 1362 pensetje
983 1297 1124 1360 elverzett,
1144 1311 1161 1350 a
1180 1294 1270 1347 bndai
1292 1294 1348 1346 kir.
1361 1295 1464 1347 ms·

553 1385 597 1434 rai
622 1384 798 1436 leveltdrnak
816 1385 985 1451 Zegrdbban
1003 1385 1065 1436 levo
1085 1385 1236 1448 reszeben.)

855 2203 931 2271 288.

326 2402 348 2464 l
353 2399 385 2468 V.
403 2398 485 2464 Belo
500 2399 680 2486 loirdlynalc
713 2423 795 2467 aeon
827 2402 1036 2486 hatdrjdra'et
1066 2401 1255 2488 moperdeitd
1286 2402 1462 2487 okmdrayc,

324 2506 473 2593 melplpel
488 2509 614 2576 Hono-ilc
630 2510 774 2594 somopyi
781 2508 923 2597 sdiapda
940 2511 972 2575 dc
988 2533 1009 2573 a
1024 2513 1277 2596 eomopymcppei
1286 2512 1461 2598 menapos,

322 2639 339 2680 s
355 2639 376 2680 a
392 2615 646 2704 eomoqymepyei
668 2614 905 2703 cdrjodbdpyok
919 2615 1000 2683 ldztc'
1015 2615 1150 2682 kardrolc
1166 2615 1461 2704 szaddlyoelattak.

831 2725 933 2790 1255.

431 2917 514 2986 Bela
528 2920 591 2986 Dei
607 2919 722 3003 gracia
738 2918 893 3004 Vngarie,
908 2917 1090 3005 Dalmaoie,
1102 2917 1246 3002 croceio,
1256 2921 1373 3004 Reme,
1383 2919 1457 2986 Ser·
1554 3009 1556 3014 Ι

321 3029 385 3115 nie,
411 3026 557 3111 Gallioie,
581 3026 783 3106 Lodomerie‚
811 3023 1031 3110 (inmaniaque
1046 3027 1126 3104 Rex,
1143 3028 1305 3096 universis
1323 3047 1456 3112 presen-
1554 3015 1556 3084 ἒ

304 3143 372 3204 ces
391 3135 504 3203 literne
521 3133 713 3220 inspecturis
729 3134 872 3202 salntem
888 3134 923 3199 in
939 3154 989 3215 eo,
1007 3132 1062 3219 qui
1093 3140 1146 3202 ert
1177 3133 1269 3202 salus
1301 3139 1457 3204 omnium.
1554 3145 1556 3196 f

319 3241 429 3313 Officii
458 3242 561 3310 nostri
592 3241 736 3309 debitum
763 3262 822 3309 nos
838 3248 1002 3308 ammonet
1017 3241 1191 3326 invigilare
1208 3239 1458 3311 remediis'sub·
1555 3229 1556 3240 ¹

318 3352 488 3438 iectorum,
506 3351 585 3436 quia
600 3347 676 3415 dum
694 3368 806 3416 eorum
823 3347 1004 3415 excutimus
1029 3347 1165 3434 honora,
1180 3347 1256 3416 dum
1289 3349 1455 3418 scandala

318 3477 528 3544 removemus,
543 3476 605 3525 nos
619 3455 653 3523 in
669 3454 812 3542 ipsorum
839 3454 947 3539 quiete
963 3452 1161 3540 quiescimus
1179 3461 1212 3521 et
1227 3455 1320 3541 pacis
1338 3475 1452 3525 eorum

318 3566 489 3634 commodo
520 3565 732 3651 gratulamur.
765 3562 908 3630 Proinde
925 3562 968 3631 ad
992 3564 1218 3632 universorum
1234 3562 1392 3630 noticiam
1408 3569 1455 3631 te·

319 3692 399 3741 nore
414 3671 619 3760 presencium
647 3672 798 3740 volumus
813 3671 1006 3758 perrenir05
1030 3669 1118 3754 qnod
1135 3689 1207 3739 cum
1222 3670 1306 3738 inter
1338 3669 1453 3738 Horri-

297 3800 391 3849 -onm
423 3777 581 3849 Comitem
612 3763 853 3866 symigiensem
885 3776 1037 3846 dilectum
1055 3785 1089 3845 et
1104 3776 1230 3846 fidelem
1255 3783 1454 3846 nostramet

316 3896 500 3960 castrenses
516 3887 623 3958 Castri
639 3887 857 3974 symigiensis
874 3887 909 3953 in
926 3885 1031 3970 Garig
1046 3905 1087 3952 ex
1103 3906 1170 3953 una
1185 3905 1275 3974 paro,
1293 3893 1327 3953 et
1352 3887 1448 3955 ioha-

315 3996 432 4082 giones
448 3997 555 4066 castri
571 3993 786 4081 symigiensis
802 3992 957 4077 in-(larig
972 3990 1149 4062 existentes
1164 4011 1206 4060 ex
1221 3992 1339 4076 altera,
1355 3993 1414 4079 qui
1429 4015 1452 4060 a
1550 4009 1554 4024 ·

314 4112 462 4190 tempore
477 4102 579 4189 Regis
595 4101 764 4171 Oolomani
781 4101 893 4169 fratris
909 4102 1015 4171 nostri
1030 4100 1140 4170 felicis
1155 4099 1397 4170 recordacionis
1416 4108 1451 4168 et

314 4219 392 4280 ante
406 4213 441 4280 in
458 4208 560 4296 Garig
575 4213 682 4278 terras
698 4209 923 4298 possederant,
939 4227 1040 4296 super
1054 4207 1202 4277 terminis
1217 4215 1379 4277 terarum
1396 4227 1449 4278 sn·

309 4340 405 4389 arum
436 4319 472 4386 in
502 4324 648 4387 nostram
679 4316 884 4404 presenciam
916 4316 1044 4401 questio
1075 4320 1265 4403 uerteretur,
1297 4317 1449 4386 volentes
1551 4309 1553 4376 l

312 4428 505 4496 scandalum
522 4446 580 4495 ren
597 4423 797 4496 discordiam
812 4426 928 4494 tollere
944 4424 987 4491 dc
1002 4421 1109 4492 medio
1136 4423 1334 4512 corumdem,
1351 4445 1395 4491 ne
1410 4423 1446 4490 in

314 4542 413 4604 antea
454 4540 631 4620 graventur
661 4533 829 4603 laboribus
846 4539 878 4601 ct
910 4532 1074 4619 expensis,
1110 4524 1232 4600 dictum
1262 4529 1442 4599 llenrionm

292 4644 485 4731 ·Oomitem,
502 4643 556 4728 qui
572 4641 644 4710 viee
661 4661 721 4712 sna
736 4641 955 4728 Pangracinm
971 4638 1148 4712 oidelalcm
1166 4659 1260 4708 suum
1276 4637 1321 4706 de
1336 4637 1444 4724 Garig
1546 4675 1552 4712 r

1550 4575 1553 4668 l
