3184 5186
632 253 793 354 „ffl-

140 463 260 512 remus.
284 445 368 525 Quia
386 468 458 516 oum
484 448 670 534 frequenter
701 449 744 518 ad
777 449 911 518 diuersa
942 448 1117 516 trahantur
1148 442 1287 530 iudicia,

142 551 364 636 periculosum
380 555 534 624 existeret
550 562 681 643 propter
698 555 824 626 uiarum
840 555 1030 624 discrimina
1040 554 1075 620 in
1086 552 1281 638 quibuscum

142 679 209 742 que
227 659 358 745 iudiciis
375 660 557 748 principale
571 661 780 748 priuilegium
796 664 958 732 exhibere.
992 661 1060 730 Nos
1077 657 1180 745 igitur
1194 659 1282 744 ipso-

143 785 218 832 rum
233 765 329 835 iustis
345 769 497 852 precibus
521 777 615 854 grato
641 777 869 838 concurrentes
900 787 1046 853 assensu,
1070 765 1279 854 priuilegium

147 873 248 940 beate
263 874 416 943 memorie
430 875 542 944 Sancti
554 875 713 964 Ladislaij
725 877 824 961 Regis
835 896 893 964 per
903 876 1032 944 fidelem
1041 873 1283 942 Oanoellarium

146 985 295 1046 nostrum
311 981 479 1068 Mathyam
494 983 699 1068 Prepesitum
715 985 833 1083 inspici
849 984 995 1068 fecimus,
1013 989 1045 1050 et
1061 981 1163 1065 sigilli
1176 979 1280 1050 nostri

147 1089 330 1154 munimine
345 1089 510 1174 insigniri.
534 1088 633 1160 Ouios
648 1097 741 1159 tenor
756 1092 832 1159 talis
848 1101 908 1160 est.

177 1286 178 1289 Ἴ
261 1196 420 1274 Quamuis
435 1197 532 1266 homo
548 1199 659 1266 omnia
675 1220 737 1283 que
753 1200 899 1284 possidet
914 1200 1014 1265 aDeo
1024 1195 1154 1283 babeat,
1172 1203 1283 1262 tamen

147 1301 182 1368 id
199 1302 286 1387 quod
303 1304 402 1372 babet
417 1307 488 1372 Deo
504 1307 639 1391 prebere
655 1327 720 1374 non
737 1307 874 1375 dubitet.
913 1305 1039 1374 Etenim
1056 1306 1084 1372 si
1102 1303 1241 1383 Christo,
1258 1321 1281 1368 a

147 1429 214 1493 qno
229 1411 331 1476 multa
345 1411 454 1496 habet,
471 1432 578 1496 pauca
593 1413 760 1497 porrigere
776 1413 1058 1498 dubitauerunt
1075 1409 1162 1493 qnod
1180 1406 1280 1493 possi-

148 1515 205 1582 det
222 1518 341 1604 perdit,
365 1525 398 1585 et
414 1519 484 1585 eins
499 1521 767 1588 remuneracione
782 1528 817 1587 ut
833 1523 1011 1589 absconsor
1039 1519 1134 1585 unius
1165 1514 1284 1584 talenti

148 1625 284 1691 carebit
308 1623 395 1702 Quia
413 1626 517 1710 quiin
535 1627 599 1714 hijs
614 1611 816 1696 delectantur
839 1649 902 1713 qne
926 1627 1022 1695 huius
1053 1625 1166 1694 mundi
1196 1629 1282 1709 sunt,

148 1751 281 1817 semper
297 1733 484 1802 mendicant
501 1740 533 1802 et
549 1734 582 1801 in
599 1741 746 1820 egestate
763 1742 965 1822 permanent.
987 1731 1060 1810 Qua
1077 1753 1154 1800 nero
1180 1751 1284 1798 remu·

150 1839 330 1907 ueracione
346 1860 388 1907 ne
404 1842 619 1930 priuaremnr;
638 1843 851 1910 Beatissimus
867 1843 936 1908 Rex
952 1841 1148 1927 Stephanus,
1159 1857 1285 1908 succes·

150 1964 244 2013 sores
259 1949 377 2032 Reges,
404 1949 522 2036 Duces,
550 1949 731 2033 Pontifices,
763 1949 914 2034 Comites,
946 1948 1111 2031 ceterique
1140 1945 1285 2032 religiosi

150 2053 311 2139 homines,
328 2063 361 2122 et
376 2056 444 2140 Ego
460 2057 529 2122 Rex
544 2057 724 2124 Ladizlans
741 2056 973 2124 Monosterium
1007 2055 1118 2124 Sancti
1150 2053 1285 2120 Martini

150 2163 415 2246 supraldontem
430 2161 601 2230 Pannonie
632 2163 741 2245 situm,
772 2170 867 2249 prout
896 2165 1001 2246 Regia
1030 2164 1081 2229 uis
1112 2161 1285 2245 concessit,

155 2268 268 2336 multia
286 2268 544 2338 coudouauimus
560 2271 688 2355 opibus.
712 2269 806 2338 Vnde
837 2290 915 2338 uero
947 2291 987 2337 ne
1018 2289 1076 2354 per
1091 2269 1285 2336 uioleuoiam

151 2377 345 2463 aliquorum,
362 2379 414 2444 uel
434 2377 580 2445 fraudem
598 2398 657 2445 seu
672 2397 731 2464 per
756 2376 998 2462 negligenciam
1030 2377 1158 2461 aliquid
1189 2376 1285 2461 depe

149 2491 236 2569 reat,
269 2485 337 2569 ligo
352 2485 425 2550 -Rex
439 2485 618 2554 Ladizlaus
635 2485 770 2552 oonsilio
785 2485 926 2552 omnium
945 2486 1050 2568 Regni
1067 2485 1130 2550 mei
1161 2483 1284 2551 Prima·

153 2602 223 2658 tum
240 2595 353 2660 curaui
371 2594 575 2660 dinumerare
591 2601 625 2662 et
641 2593 871 2661 commendare
896 2592 971 2659 huic
998 2601 1087 2660 carte
1119 2592 1285 2677 scriptum.

151 2699 196 2764 Et
212 2706 249 2766 nt
264 2708 398 2785 propter
414 2699 640 2784 antiquitatem
657 2697 861 2784 negligencia
878 2700 966 2766 locus
982 2719 1024 2764 ne
1041 2697 1195 2783 daretur;
1221 2699 1285 2766 ius·

152 2807 267 2887 simus,
285 2811 320 2871 ut
336 2806 582 2874 admemoriam
599 2807 738 2891 posteris
755 2827 815 2892 per
831 2805 1046 2873 succedencia
1061 2811 1209 2890 tempora
1229 2807 1285 2874 ob·

152 2920 351 2982 seruaretur.
374 2913 443 2991 Que
460 2923 566 2980 antem
583 2914 704 2980 tradita
719 2920 805 2999 sunt,
832 2932 959 2996 queque
984 2912 1149 2995 acquisita
1180 2909 1285 2978 eidem

154 3019 277 3086 Sancte
292 3021 353 3086 Dei
371 3020 516 3087 Ecclesie
531 3019 573 3086 ab
600 3021 651 3088 bis
682 3020 820 3104 prelatis
852 3018 1035 3085 bominibus
1067 3039 1138 3085 cum
1165 3018 1287 3086 ceteris

154 3127 316 3195 reditibus
333 3129 366 3195 in
383 3135 481 3214 terra,
496 3129 532 3196 iu
548 3149 645 3215 aqua,
662 3129 697 3195 in
715 3129 844 3213 tributo,
876 3135 909 3194 et
923 3128 958 3195 in
975 3127 1062 3194 omni
1093 3126 1285 3195 substancia

156 3243 191 3302 et
207 3236 374 3322 facultate,
391 3237 596 3305 continentur
611 3237 672 3303 sub
684 3237 747 3304 hac
764 3235 984 3304 denotacione.
1002 3234 1071 3300 Hec
1087 3240 1161 3302 sunt
1176 3241 1284 3302 autem

158 3341 276 3428 predia
291 3350 324 3410 et
341 3345 527 3410 mansiones
544 3350 716 3426 ceteraque
733 3342 866 3411 mobilia
891 3342 1035 3410 eiusdem
1067 3343 1187 3409 Sancte
1219 3341 1282 3408 Dei

152 3449 320 3516 Ecclesia:
338 3450 479 3516 Primum
497 3447 643 3534 predium
659 3457 708 3518 eat
723 3449 904 3532 Pannonia,
921 3448 976 3515 ubi
992 3451 1089 3516 situm
1108 3457 1158 3517 est
1173 3449 1286 3515 Mona·

153 3553 299 3622 sterium.
324 3551 509 3620 Secundum
525 3553 672 3638 predium
705 3563 755 3622 eat
785 3555 940 3639 Rorouty,
972 3555 1058 3640 quod
1089 3553 1181 3622 dedit
1212 3555 1283 3622 Rex

154 3661 332 3730 Ladizlaus
348 3681 408 3746 pro
425 3662 646 3746 redemptione
661 3663 770 3728 anime
785 3682 854 3749 sue,
888 3671 919 3728 et
936 3662 1058 3730 siluam
1090 3683 1190 3730 unam
1223 3666 1285 3747 que

153 3768 338 3855 appellatur
355 3769 477 3853 Hasag.
502 3769 651 3836 'lercium
667 3769 815 3856 predium
831 3776 882 3838 est
897 3769 1030 3855 Hymdy
1056 3772 1185 3837 nomine
1210 3770 1288 3837 uille

152 3874 367 3962 appellatum.
391 3874 548 3952 Quartum
565 3876 713 3963 predium
730 3875 882 3961 estquod
901 3885 1033 3943 uocatur
1057 3876 1155 3962 Laay.
1189 3874 1288 3953 Quin·

152 3989 221 4049 tum
238 3981 386 4067 predium
403 3982 553 4067 estquod
570 3990 705 4050 uocatur
721 3985 864 4069 Wosyan
894 3982 1007 4050 eodem
1032 3982 1127 4049 modo
1158 3983 1288 4050 nomine

155 4089 234 4156 ville
250 4090 463 4175 appellatum.
488 4089 621 4156 Sextum
639 4088 787 4176 predium
805 4095 854 4156 est
870 4089 1005 4156 Wenha.
1044 4088 1222 4173 Septimum
1238 4095 1288 4157 est

151 4196 243 4281 quod
260 4196 349 4264 dedit
363 4197 453 4283 Kery
468 4197 581 4264 eodem
598 4196 705 4284 modo,
722 4197 851 4264 nomina
870 4197 944 4270 ,eius
969 4195 1155 4282 appellatus
1183 4195 1287 4276 loona.

155 4303 318 4372 Octanum
334 4303 483 4392 predium
494 4311 550 4372 est
566 4302 653 4389 quod
669 4325 690 4370 a
705 4307 820 4373 colono
837 4303 966 4390 accepit
979 4322 1097 4371 nomen
1121 4303 1285 4392 Weynulx,

159 4420 192 4478 et
208 4410 403 4495 quandoque
417 4410 465 4480 ibi
479 4409 677 4497 piscatorum
694 4415 788 4498 copia
804 4421 862 4500 eat,
880 4413 923 4480 ad
939 4410 1095 4479 auxilinm
1111 4430 1220 4479 eorum
1232 4410 1288 4478 de·

157 4518 204 4587 dit
220 4521 290 4586 Rex
307 4517 484 4588 Ladizlaus
500 4519 607 4588 lacum
625 4540 723 4587 unum
739 4521 794 4604 qui
811 4527 947 4589 uocatur
963 4517 1097 4604 Crechu,
1120 4526 1153 4608 et
1169 4526 1288 4587 terram
