3160 5208
835 351 996 452 ,222-

346 542 487 610 tbether
504 549 563 628 eat,
579 542 656 610 inde
671 543 764 611 vadit
779 545 823 612 ad
838 545 987 613 arborem
1004 545 1180 632 populeum
1195 545 1239 612 ad
1255 567 1351 632 qnam
1375 570 1490 637 prope

353 657 405 717 est
420 655 507 717 meta
522 649 608 717 inter
624 651 749 736 spinas,
774 649 893 722 abhinc
909 651 1054 736 procedit
1070 657 1103 720 et
1117 652 1234 721 bunut
1252 655 1359 724 lconm
1375 657 1480 726 rivuli

348 755 494 842 alterius,
518 756 575 842 qni
590 759 695 825 eciam
711 757 778 826 Her
793 757 879 844 wlgo
894 758 1022 846 dicitur,
1047 758 1135 826 nltm
1150 780 1245 845 quem
1262 762 1371 848 figitur
1387 774 1480 834 meta

346 865 491 950 eubpirc
516 865 719 932 contermina
733 871 819 932 terre
844 865 984 934 liliorum
1010 865 1218 951 iobagionum
1234 868 1348 937 Sancti
1364 869 1489 961 Regis,

345 971 452 1040 Casei
477 971 645 1059 antedicti,
672 971 802 1057 dequo
828 973 899 1061 piro
926 973 1131 1060 progreditur
1160 975 1196 1040 in
1211 985 1305 1063 parto
1335 981 1483 1047 australi

346 1077 390 1146 ad
404 1097 558 1164 magnam
583 1077 671 1146 riam
687 1086 720 1148 et
735 1079 781 1148 ibi
798 1087 848 1148 est
873 1087 970 1168 meta,
998 1081 1039 1148 de
1054 1080 1129 1149 binc
1154 1082 1360 1166 protenditur
1374 1105 1480 1172 snper

347 1188 485 1256 candem
516 1187 604 1255 viam
635 1195 669 1256 et
701 1186 880 1274 procedens
911 1189 1013 1255 intrat
1042 1187 1162 1256 silvam
1179 1190 1296 1278 inqua
1319 1199 1484 1260 estmeta

351 1295 524 1381 angularis
541 1297 577 1362 in
593 1293 668 1364 luco
684 1295 739 1381 qui
755 1295 965 1382 Populonerii
983 1297 1071 1382 wlgo
1096 1305 1311 1385 nuncupatur.
1329 1301 1481 1370 Postmo-

347 1404 425 1494 dum
441 1409 566 1489 aparte
577 1401 773 1471 occidentali
783 1410 834 1472 eet
843 1409 931 1470 meta
942 1403 1004 1471 snb
1013 1405 1132 1472 arbore
1142 1405 1287 1490 quadam
1296 1409 1481 1496 combusta,

349 1510 425 1580 inde
440 1511 568 1580 venitur
584 1509 629 1576 ad
646 1513 794 1580 arborem
812 1511 986 1597 popnlcam
1002 1513 1063 1579 sub
1080 1533 1146 1598 qua
1160 1517 1209 1580 est
1225 1519 1313 1582 meta
1329 1515 1491 1586 dividens

350 1619 469 1686 silvam
499 1608 656 1686 antedicti
688 1617 858 1686 Michaelis
892 1639 914 1685 a
946 1619 1032 1686 silva
1063 1621 1277 1704 quorumdam
1294 1621 1334 1689 de
1359 1643 1485 1708 genere

348 1725 448 1792 Senta
462 1733 495 1792 et
519 1726 669 1812 Magncb,
697 1726 775 1793 hinc
800 1725 949 1795 circuens
964 1726 1205 1812 aliquantulum
1223 1729 1291 1796 exit
1306 1729 1431 1798 silvam
1449 1736 1482 1799 in

349 1834 421 1898 loco
437 1833 494 1918 qui
518 1834 679 1917 Teluoueg
695 1832 815 1902 dicitur
838 1839 968 1918 aparte
993 1834 1262 1919 septemtrionali,
1278 1843 1311 1902 et
1327 1837 1478 1922 procedit

348 1941 440 2008 iuxta
456 1941 569 2008 silvam
587 1941 724 2009 eandem
740 1939 783 2008 ad
798 1946 918 2008 metam
934 1959 997 2024 que
1013 1948 1063 2008 est
1078 1941 1138 2010 sub
1164 1942 1266 2010 salice
1281 1941 1375 2011 iuxta
1391 1945 1484 2012 viam

352 2047 543 2132 disiungens
569 2055 688 2115 terram
720 2068 742 2114 a
774 2055 862 2114 terra
892 2046 970 2114 ville
1003 2046 1150 2114 eiusdem
1180 2047 1321 2117 nominis
1352 2050 1486 2120 Obokol

350 2155 512 2240 videlieet,
537 2175 601 2239 quc
626 2161 676 2222 est
692 2154 832 2222 filiorum
843 2154 1053 2238 iobagionum
1067 2154 1244 2223 descensus
1260 2158 1489 2248 prebencinm,

352 2263 487 2330 ulterius
513 2261 660 2348 procedit
675 2281 733 2346 per
759 2269 861 2328 metas
878 2283 899 2328 a
914 2269 1007 2346 parte
1023 2264 1285 2348 septemtrionali
1300 2263 1344 2330 ad
1368 2265 1480 2351 pirum

349 2371 410 2439 sub
426 2389 490 2456 quo
506 2375 556 2437 ert
571 2376 658 2436 meta
674 2368 767 2436 iuxta
782 2370 895 2436 villam
922 2370 1180 2456 prenominatam
1198 2369 1331 2454 chokol,
1364 2372 1488 2440 deinde

349 2476 554 2564 progreditur
568 2478 603 2544 in
630 2495 780 2562 campum
797 2477 852 2545 ubi
869 2485 957 2544 tenet
983 2485 1104 2544 metam
1120 2497 1192 2544 cum
1208 2478 1289 2546 villa
1304 2478 1372 2545 iam
1389 2479 1480 2546 dicta

351 2585 467 2668 Vrdcs,
484 2591 518 2653 et
533 2584 611 2652 inde
634 2585 798 2652 reducitur
822 2591 908 2654 mete
933 2584 1042 2670 priori.
1070 2585 1114 2652 Ut
1137 2585 1239 2670 igitur
1263 2585 1360 2653 beoa
1387 2589 1486 2656 nobie
1577 2617 1579 2642 ι

348 2694 589 2761 deliberacione
620 2693 727 2778 Regia
762 2692 850 2760 lacta
885 2692 1032 2778 donacio,
1064 2712 1124 2760 nec
1164 2694 1265 2777 longa
1296 2701 1481 2780 temporum
1576 2729 1578 2788 j

349 2803 476 2869 canicie
507 2803 599 2888 dilui,
639 2821 701 2869 nec
732 2799 880 2885 insopito
908 2801 1164 2884 malignancium
1196 2801 1320 2886 impetu
1361 2805 1483 2872 nostris
1575 2871 1577 2874 .

350 2917 600 2994 nostrorumque
640 2927 864 2975 successorum
907 2907 1106 2994 temporibus
1148 2910 1316 2974 retractari
1358 2909 1486 2992 valeat,
1575 2899 1576 2962 ξ

353 3019 498 3101 presenti
515 3016 636 3102 pagine
651 3015 947 3084 commendavimus
963 3035 1004 3084 ac
1020 3014 1130 3100 sigillo
1145 3023 1254 3082 nostro
1272 3015 1475 3102 privilegiali

350 3147 445 3214 noro,
462 3125 551 3209 quod
568 3124 600 3190 iu
618 3122 832 3209 preludicinm
857 3122 975 3210 prioris
1001 3121 1199 3190 cassandum
1215 3122 1326 3207 parari
1342 3123 1482 3192 lecimus

349 3234 384 3299 in
415 3233 666 3319 generacionum
697 3230 931 3316 generacionos
962 3230 1091 3297 illibato
1122 3230 1360 3296 observandum
1377 3233 1482 3318 Regia

349 3343 542 3409 auctoritate
558 3340 792 3409 roboravimus
820 3339 942 3407 Datum
958 3359 1017 3426 per
1033 3357 1149 3406 manus
1173 3337 1325 3423 blagistri
1340 3339 1479 3420 Alberti,

351 3452 426 3516 aule
440 3456 553 3517 nostre
563 3449 756 3518 cancellarii
774 3455 806 3516 et
816 3447 977 3532 Preposili
988 3445 1186 3514 Orodiensis.
1203 3445 1299 3513 Anno
1310 3445 1484 3514 Dominice

350 3556 594 3624 lucarnaoionis
619 3555 877 3622 uccxxvllll.
893 3553 1083 3623 Venerabili
1098 3553 1240 3621 Roberto
1255 3552 1486 3640 strigoniensi,

352 3663 541 3730 Reverendo
582 3661 706 3748 Vgrino
747 3661 918 3729 colocensi
958 3658 1222 3746 archiepiscopis
1253 3659 1482 3728 existentibus.

352 3770 481 3839 Bulohu
496 3769 726 3856 Chenadiensi,
742 3770 953 3837 Bartolomec
968 3766 1325 3854 Quinqueecclesiensi,
1352 3767 1478 3854 Grego-

350 3879 398 3946 rio
416 3877 596 3960 (lauriensi,
615 3877 801 3944 Alexandro
827 3876 1046 3963 Waradiensi,
1062 3875 1232 3960 Reyualdo
1249 3876 1483 3954 lransiluano,

354 3987 446 4054 Oleto
477 3985 638 4072 Agrieusi,
669 3985 791 4052 Brictio
823 3983 1021 4066 Waobiensi,
1063 3981 1228 4068 Stephano
1254 3979 1478 4068 Zagrabiensi‚
1540 4064 1545 4075 Ι

354 4095 560 4162 bartolomeo
591 4092 834 4179 Wesprimienei
866 4091 1039 4178 Episcopis
1057 4088 1283 4175 existentibus,
1315 4090 1485 4158 Ecclesiae

350 4202 413 4268 Dei
429 4199 563 4278 feliciter
579 4203 846 4284 gubernantibus.
887 4198 999 4286 Moyse
1017 4197 1169 4265 Palatino
1186 4202 1220 4263 et
1235 4196 1361 4264 Oomile
1379 4195 1482 4284 Byho·

352 4309 464 4396 riensi,
480 4307 636 4374 Ladizlac
651 4309 768 4376 Judice
785 4307 880 4374 Curio
895 4317 927 4375 et
959 4307 1084 4374 Comite
1099 4303 1295 4392 Bachyensi,
1321 4303 1481 4392 Dyouisio

302 4489 310 4506 s
351 4417 418 4483 lilio
435 4416 585 4502 Dyonisii
601 4415 759 4502 Magistro
775 4414 1041 4484 Tawarnioornm
1058 4412 1233 4482 acCumite
1249 4411 1480 4496 Zonuqniensi,

351 4525 519 4594 Demetrio
535 4521 692 4608 Magistro
703 4525 931 4612 Dapiferorum
944 4530 976 4590 et
993 4523 1123 4593 Gumile
1133 4519 1336 4606 Posoniensi,
1347 4518 1485 4586 Nicolao

351 4631 506 4718 Magistro
522 4639 554 4700 et
579 4632 703 4699 Comite
728 4636 927 4720 Agermum,
951 4629 1048 4700 Petro
1066 4649 1223 4716 germano
1249 4627 1397 4695 Marcelli
1420 4627 1480 4693 00·
