3160 5208
538 337 697 438 Α
727 357 730 364 ,

73 531 318 601 cumiucentibus
334 533 431 600 terris
446 550 488 599 ex
503 532 591 600 omni
606 537 703 619 perte
728 530 927 600 inunctam
958 531 1069 600 Primc
1094 539 1203 602 nem.

70 639 169 728 incipit
182 638 273 706 iuxta
288 638 496 724 Danubium
521 647 554 707 et
568 637 646 708 inde
669 639 879 727 progreditur
909 637 956 708 ed
983 638 1202 710 occidentem
1319 631 1321 638 ’

70 748 107 814 ac
120 750 218 832 ripum
234 745 386 844 eiusdem
401 745 537 832 piscine,
552 742 609 814 ubi
625 754 677 815 est
692 755 781 816 metu
796 766 869 816 curn
884 748 1008 828 Bcruc3
1024 745 1101 816 inde
1114 755 1185 816 ten·

68 855 109 920 dit
121 873 187 920 cnm
203 838 345 921 eleuatis
361 851 457 921 metis
473 871 578 938 usque
592 852 636 920 ed
651 861 773 922 metam
788 852 925 940 Boynoo
938 858 973 921 et
985 853 1129 941 Thom03
1152 861 1185 924 et

69 961 135 1027 inde
147 960 291 1030 flecdtur
308 961 356 1030 sd
371 960 635 1048 septemtrionem
649 982 722 1030 euru
739 960 878 1030 eleuatis
892 962 989 1032 metis
1013 982 1118 1048 usquc
1141 962 1207 1032 ιά-

68 1075 173 1136 nomm
189 1067 368 1156 Kseheuu3
395 1074 428 1134 et
442 1067 521 1135 iude
537 1066 642 1136 tendit
657 1088 730 1136 cum
746 1069 883 1136 eleuatis
900 1070 993 1138 metis
1010 1069 1054 1138 sd
1078 1070 1183 1139 oricu-

67 1186 120 1241 tem
135 1175 295 1262 usquead
311 1176 418 1262 ripum
435 1182 628 1262 prenarratc
643 1174 778 1262 piscine,
794 1181 826 1242 et
836 1175 966 1244 indeed
976 1175 1205 1257 Danubium.

68 1291 141 1350 terre
155 1302 231 1351 uero
248 1283 393 1352 erabilis
410 1283 580 1350 sufficiens
597 1289 649 1352 est
665 1283 707 1348 od
724 1283 866 1369 quinque
881 1291 1004 1352 cretio.

35 1398 39 1407 '
161 1389 369 1460 contutimus
400 1391 504 1459 eciem
536 1389 566 1457 ei
598 1389 699 1458 ulium
732 1395 851 1458 terram
883 1409 955 1458 cum
988 1390 1084 1477 silue,
1125 1411 1208 1476 quc·

20 1565 21 1568 ,
66 1499 117 1566 tuit
152 1499 354 1584 piscatorum
396 1499 438 1568 de
477 1497 652 1582 Zugrebic.
699 1497 811 1566 Primo
842 1504 928 1566 motu
964 1497 1060 1565 huius
1101 1505 1186 1568 torre

18 1609 20 1662 j
65 1607 165 1691 incipit
201 1607 242 1674 de
282 1606 401 1693 Odre,
449 1606 506 1674 ubi
542 1603 632 1672 cudit
669 1603 842 1691 Ribnyche
878 1605 914 1672 in
952 1603 1095 1690 Odrsm3
1152 1613 1186 1674 et

18 1739 19 1764 1
69 1715 145 1780 uenit
159 1716 314 1800 superius
331 1733 430 1800 super
454 1713 657 1802 Ribnychcm
689 1713 733 1780 cd
762 1713 1053 1797 Timeneramlaoe,
1085 1719 1118 1780 et
1149 1714 1209 1780 de=

18 1841 20 1854 ·
69 1819 346 1889 Timoncrumlacc
359 1820 450 1888 uenit
466 1821 501 1886 in
518 1820 661 1899 chnm,
693 1829 727 1887 ot
742 1819 784 1887 de
799 1819 902 1886 Zeno
918 1819 1087 1887 descendit
1111 1818 1192 1886 infe-

18 1943 20 2020 ὲ
71 1929 135 2010 dus,
151 1929 204 1994 ubi
221 1928 294 1997 exit
309 1927 352 1996 de
367 1928 469 1995 Zeus
483 1926 753 2012 Neronianorum
780 1927 820 1994 de
835 1925 1086 1994 Netuslemlsks
1100 1927 1192 1994 usdit
1208 1975 1211 1982 ·

17 2055 20 2190 p
70 2037 96 2100 in
111 2035 281 2121 cnyrnich,
299 2034 391 2103 etde
408 2034 572 2122 Chyruieh
589 2033 682 2101 uadit
696 2033 834 2102 inferius
849 2033 905 2100 ubi
921 2033 989 2102 exit
1020 2033 1060 2099 dc
1091 2033 1191 2122 Chyr-

17 2201 19 2228 ‚
72 2143 134 2210 nich
149 2142 390 2228 Gottnumlaoe,
423 2140 512 2208 etde
529 2140 758 2208 Golinemlcoa
773 2139 864 2208 uadit
880 2137 924 2206 ed
938 2140 1099 2208 cuminum
1130 2141 1187 2208 ubi

17 2247 19 2335 ξ
72 2249 146 2318 cadit
159 2249 394 2318 Golinamlacu
407 2248 442 2316 iu
459 2248 611 2334 stam5
636 2253 669 2316 et
684 2267 780 2337 super
797 2247 931 2314 Zawcm
947 2248 1207 2316 ueditinfcrius-

17 2337 19 2428 i
74 2358 120 2423 nbi
133 2357 198 2426 erit
211 2359 499 2443 Mortyucustrug;
529 2363 561 2421 et
577 2354 619 2422 de
635 2356 901 2444 Mortyncostrug
916 2355 1008 2422 uadit
1024 2374 1126 2438 usquo
1145 2357 1192 2422 ad

17 2429 19 2506 d
72 2465 205 2550 Ruscam,
223 2467 337 2533 Rusca
353 2465 421 2531 exit
436 2461 477 2530 de
492 2464 757 2548 Mortyncestrug
774 2469 807 2529 et
821 2463 910 2529 uenit
934 2464 969 2528 in
995 2460 1127 2544 Odrcm,
1158 2473 1209 2532 et¹

74 2572 113 2638 sio
125 2571 205 2638 redit
219 2573 264 2640 ud
285 2571 425 2656 priorem
440 2579 573 2640 metam.
587 2569 656 2637 Hoc
672 2576 748 2637 sunt
763 2569 896 2636 nomina
912 2588 1111 2656 camporum,
1130 2591 1209 2655 que·

16 2645 21 2718 d
75 2687 137 2746 sunt
150 2681 183 2748 in
200 2687 294 2748 terra
308 2679 459 2767 predicta
474 2704 481 2746 ι
499 2677 590 2767 Polu,
606 2676 752 2764 Durnyo,
783 2677 928 2766 Lysnyc,
958 2676 1066 2764 Roda,
1098 2676 1189 2756 Pulc.

76 2787 195 2875 Priene,
211 2789 345 2857 Grisno„

168 2897 211 2963 Et
226 2915 274 2964 ue
289 2896 403 2979 aliqua
419 2893 633 2961 dissensionis
660 2892 797 2960 materie
828 2894 913 2959 inter
944 2893 1105 2979 prefatum
1136 2895 1211 2964 Th...

76 2999 217 3070 Comitem
232 3011 270 3071 et
285 3004 415 3088 fratres,
430 3003 483 3070 uel
501 3001 767 3088 consenguinecs,
786 3000 840 3070 uel
857 3001 1107 3086 circumquaque
1117 3000 1195 3069 uici·

77 3130 124 3178 nos
137 3111 204 3179 eius
220 3112 367 3196 oriatur3
391 3108 479 3176 idem
495 3109 556 3175 Th.
574 3109 688 3176 Comes
706 3109 807 3194 pecijt
833 3129 853 3175 a
880 3111 984 3195 nobis,
1018 3116 1055 3176 ut
1084 3128 1198 3177 omues

16 3229 18 3284 t
77 3217 134 3284 eius
148 3217 385 3304 possessiones,
414 3225 482 3284 tem
500 3235 542 3282 ex
557 3215 754 3301 patrimonio
770 3236 868 3301 quum
893 3236 934 3284 ex
959 3218 1063 3301 Regia
1094 3217 1208 3284 done·-

16 3305 18 3352 ἶ
79 3328 168 3410 tione,
182 3329 238 3394 uel
258 3345 301 3392 ex
318 3323 495 3407 empcione,
511 3325 565 3392 uei
581 3342 773 3408 quocunque
790 3323 876 3390 iusto
893 3325 994 3408 tytulo
1018 3323 1211 3407 moquntino-

16 3439 18 3516 ἰ
79 3451 127 3514 por
143 3432 272 3500 fidelem
288 3431 453 3499 hominem
469 3438 614 3498 nostrum
645 3429 804 3516 distingui
833 3450 855 3497 e
885 3430 1020 3498 fratrum
1051 3451 1210 3518 suorum„

16 3555 18 3582 t
80 3539 124 3604 uel
139 3539 466 3626 consanguineorum,
483 3540 536 3607 uel
552 3538 806 3623 circumquaque
822 3537 1002 3606 uicinorum
1018 3541 1195 3624 possessio·

81 3645 165 3714 nibus
181 3646 379 3714 taceremus.
403 3645 503 3713 Cuius
518 3645 603 3713 iuste
618 3645 774 3732 peticioni
789 3652 974 3713 annuentes
991 3645 1143 3714 dilectum
1162 3653 1195 3714 et

79 3749 194 3821 fidelem
212 3762 358 3822 nostrum
374 3753 474 3820 Petcu
489 3751 532 3820 de
547 3754 631 3820 uilia
648 3753 823 3820 Beraneha
848 3754 1002 3821 duximus
1034 3756 1212 3823 transmit·-

16 3921 18 3934 ,
80 3861 210 3946 tendum,
228 3863 283 3947 qui
301 3863 434 3931 Comitis
451 3861 673 3948 possessiones
690 3861 908 3948 supradictus,
926 3881 1060 3931 necnon
1072 3863 1207 3930 etnlias-

81 3972 265 4038 auctoritate
280 3978 393 4040 nostra
408 3968 565 4054 circumit,
583 3977 616 4036 ct
632 3967 731 4036 certis
747 3975 904 4035 metarum
937 3968 1086 4037 terminis
1117 3969 1214 4037 limi·-

81 4078 170 4164 tuuit3
193 4090 227 4148 et
243 4079 349 4148 eciem
363 4079 480 4146 narres
496 4097 572 4146 suos
588 4097 628 4144 eo
645 4075 914 4163 consanguineos,
929 4095 991 4142 nec
1022 4097 1088 4144 non
1118 4075 1197 4143 uiei·
1300 4143 1303 4150 ,

83 4203 134 4252 uos
149 4187 191 4254 ud
207 4193 352 4254 nostrum
370 4187 485 4254 citauit
499 4187 713 4272 presenciam.
747 4185 790 4252 Et
813 4185 848 4250 in
880 4191 995 4251 nostro
1027 4183 1212 4269 presencie.

87 4290 227 4361 dixerunt
243 4313 311 4359 unu
324 4312 414 4380 uoce,
430 4291 625 4379 pristuidum
641 4299 787 4361 nostrum
802 4292 837 4358 in
855 4291 917 4357 hcc
947 4309 1049 4356 causo
1081 4290 1201 4356 iustum

85 4397 181 4488 muse,
197 4408 229 4469 et
242 4401 369 4468 litteras
385 4418 480 4468 ueras
497 4399 592 4468 nobis
608 4400 801 4468 ostendisse.
821 4400 889 4465 Nos
905 4405 1014 4466 autern
1031 4404 1201 4480 utramque

87 4515 200 4586 purtem
215 4509 336 4576 iustum
352 4506 522 4576 audientes
539 4508 744 4592 precepimus
760 4507 921 4574 annotari.

182 4616 292 4684 Primo
308 4621 395 4683 terre
410 4615 443 4682 in
460 4615 588 4702 Syrmo,
603 4615 694 4683 cuius
709 4634 827 4682 nomen
844 4613 924 4699 Scit,
941 4634 1038 4700 super
1053 4632 1119 4698 qus
1135 4611 1215 4680 edi·
