3206 5184
843 1029 921 1102 444.

318 1233 430 1298 Irtodn
447 1229 547 1318 rfjobb
563 1231 741 1317 kirdlyook
758 1229 963 1320 Copcintelok
978 1231 1115 1298 hir-rotor
1131 1233 1290 1319 to'rpyazd
1316 1233 1456 1299 adenrod-

532 1363 600 1426 nya
615 1340 757 1427 Mo't-ycts,
773 1339 942 1424 Senotefia
958 1346 1115 1408 eadmero.
1138 1337 1238 1406 1270.

317 1553 354 1626 (A
367 1556 434 1622 gros
443 1556 532 1627 ziohy
546 1556 642 1608 esslrid
664 1557 858 1624 Okmtnytttro
870 1560 891 1608 1.
905 1558 965 1613 ket
981 1563 1023 1608 21.
1037 1561 1056 1610 1.
1081 1556 1221 1626 Vtgholyi
1245 1558 1337 1610 Dezstt
1350 1556 1454 1609 kiizle-

819 1645 939 1713 menyo.)

847 2587 923 2676 445.

321 2789 452 2861 Heorr’k
471 2795 652 2863 ozlaoooias'
667 2795 792 2863 bononie
808 2797 994 2881 iteletlovelo
1024 2795 1103 2881 moly
1118 2793 1233 2860 sarrire
1256 2816 1279 2858 a
1309 2789 1456 2878 qurcibo‘

318 2905 446 2992 pitop‘o‘lr
466 2908 497 2974 e'o
513 2929 535 2970 a
549 2907 697 2994 petriooe'
712 2906 868 2992 vendopek
884 2930 906 2971 a
922 2905 1041 2974 tizedok
1057 2905 1241 2993 tdrpyctban
1265 2902 1453 2988 romeryte·

604 3035 611 3048 “
658 3013 773 3100 zeoilep
788 3013 995 3099 eppeskedtek.
1021 3015 1117 3082 1270.

429 3213 498 3280 Nos
529 3210 689 3279 Henrieus
719 3211 830 3278 Bonus
862 3209 963 3279 tooins
1009 3209 1184 3279 Solovonio
1223 3209 1449 3298 signitioonrns

320 3321 482 3390 universis
499 3321 615 3404 quibus
632 3319 764 3406 expedit
779 3319 934 3387 memorio
953 3318 1216 3388 commendantes
1241 3320 1448 3407 presenoinm

320 3452 379 3515 per
408 3437 551 3496 tenorem
569 3453 576 3494 :
594 3427 680 3511 qnod
710 3447 783 3495 enm
814 3425 941 3515 Petrus,
958 3428 1045 3496 filius
1061 3424 1233 3518 Rodolphi,
1250 3427 1354 3497 Maior
1369 3429 1451 3498 ville

186 3549 190 3556 '
320 3537 362 3604 rto
377 3535 511 3604 Petrina
528 3544 560 3604 et
578 3535 665 3604 oivos
682 3533 723 3601 de
739 3535 853 3602 eadem
871 3533 962 3624 villo,
980 3555 1018 3601 oo
1043 3532 1102 3602 alii
1117 3535 1266 3604 homines
1282 3536 1326 3604 ad
1342 3536 1451 3625 ipssrn

321 3629 518 3731 spectantes,
536 3643 591 3729 qui
607 3647 775 3711 terrestres
792 3641 950 3729 dicuntur,
968 3641 1188 3727 denegassent
1203 3643 1283 3713 dare
1301 3643 1446 3714 deeimas

321 3772 398 3820 snas
414 3751 449 3818 in
464 3752 572 3839 speeie
588 3751 771 3821 venerabili
786 3753 873 3839 petri
899 3751 1029 3820 domino
1060 3752 1252 3822 Thimotheo
1284 3750 1450 3841 Episcopo

321 3860 551 3949 Zagrobiensi,
582 3859 712 3945 frugum
743 3859 880 3948 soilioet,
912 3859 990 3947 vini,
1021 3859 1125 3947 millii,
1156 3879 1255 3946 apum
1271 3867 1305 3928 et
1328 3860 1455 3928 minuto

321 3967 518 4056 eorumdem,
536 3968 636 4055 kytns
652 3966 817 4048 videlieet,
835 3966 979 4052 gallinas
995 3973 1028 4036 ot
1043 3969 1202 4036 decimam
1228 3971 1269 4034 de
1299 3945 1453 4037 onstodie

321 4096 501 4162 poroornm,
531 4097 593 4161 qno
623 4061 709 4160 volgo
740 4076 880 4163 polyohe
914 4075 1074 4164 dieuntnr,
1107 4099 1146 4145 so
1163 4076 1323 4145 decimam
1339 4077 1453 4144 tributi

321 4182 394 4270 iori,
411 4203 471 4252 noo
503 4204 568 4252 non
598 4183 740 4252 mediam
771 4182 929 4252 decimam
961 4185 1172 4274 precessorie,
1203 4203 1266 4269 qne
1296 4184 1456 4253 vioesirno

321 4288 448 4378 dieitur,
478 4299 574 4378 prout
591 4291 674 4360 olias
692 4291 772 4359 dare
788 4297 821 4358 et
835 4292 963 4362 solvere
978 4300 1226 4380 oonsrerorant,
1240 4299 1274 4361 et
1285 4293 1452 4362 'deoimnnr

320 4419 479 4482 agnorum
493 4419 503 4483 ;
528 4406 561 4466 et
576 4404 708 4486 proptor
724 4398 785 4467 hoo
800 4399 887 4468 idom
906 4399 1056 4472 dominns
1074 4401 1258 4489 Episcopus
1283 4402 1451 4486 premissis

321 4505 476 4588 legitimis
502 4507 791 4576 ammonicionibns
817 4514 849 4576 et
864 4508 1107 4577 indnoeionibns
1132 4509 1343 4599 solutoribus,
1371 4509 1455 4578 sient

321 4611 420 4676 moris
436 4617 494 4698 est,
512 4631 583 4680 oum
600 4615 758 4701 profioere
773 4636 838 4683 non
854 4616 1013 4712 potuisset
1028 4636 1100 4685 oum
1122 4617 1256 4706 eisdem,
1273 4627 1306 4687 et
1321 4625 1451 4687 senten·
