3116 5178
862 335 926 404 338
1047 323 1054 330 “

326 531 458 623 speccio
496 527 620 618 Regum
669 530 807 618 provida
858 532 1028 616 condignis
1076 529 1206 617 premiis
1253 529 1318 597 sibi
1360 531 1455 624 obse·

326 642 499 728 questibus
545 642 593 706 sic
631 640 725 708 decet
763 659 940 724 occurrere,
988 644 1024 706 ut
1041 717 1045 725 Ι
1060 639 1119 706 alii
1158 658 1267 706 eornm
1306 639 1456 725 exemplo

324 749 465 838 inritati,
499 748 542 816 ad
581 749 721 818 servicia
759 756 791 817 et
821 747 994 835 probitatis
1032 745 1140 815 studia
1182 745 1300 816 forcius
1341 766 1456 814 accen·

326 860 456 928 dantur.
480 857 552 926 Hac
567 857 666 942 igitur
691 855 957 926 consideracione
987 852 1123 944 inducti,
1154 853 1198 922 ad
1230 854 1456 924 universorum

325 964 534 1053 presencium
558 972 824 1052 posterorumque
849 962 1003 1032 noticiam
1034 963 1150 1029 barum
1182 963 1268 1030 serie
1300 963 1457 1032 volumus

326 1075 498 1161 pervenire
515 1099 523 1140 :
540 1072 715 1158 quodcum
732 1071 839 1140 fidelis
855 1079 976 1160 noster,
1009 1071 1124 1139 Comes
1138 1069 1283 1160 Hudina,
1315 1092 1338 1138 a
1355 1071 1458 1138 multo

324 1192 472 1267 tempore
489 1190 586 1267 grata
600 1183 695 1251 nobis
712 1181 879 1250 fidelitatis
896 1181 1052 1265 obsequia
1077 1177 1300 1266 impendisset,
1332 1179 1395 1247 sed
1426 1186 1459 1246 et

324 1309 399 1379 sua,
415 1288 541 1376 absque
557 1289 775 1358 diminucione
790 1289 915 1378 aliqua,
932 1289 975 1357 ad
991 1294 1103 1357 nostra
1119 1287 1327 1375 beneplacita
1345 1287 1459 1356 volun-

290 1411 294 1418 ·
324 1398 402 1465 tatis
419 1398 622 1486 exponendo,
654 1395 740 1467 idem
756 1397 829 1482 ipse
845 1396 886 1464 de
901 1396 1020 1466 virtute
1047 1398 1082 1464 iu
1106 1397 1259 1466 virtutem
1286 1395 1458 1482 gradiens,

328 1526 367 1572 eo
384 1509 526 1574 maxime
542 1510 698 1594 tempore,
730 1525 793 1592 quo
810 1505 920 1574 subita
935 1505 1145 1574 Tartarorum
1170 1503 1323 1592 irrnpcio,
1357 1523 1457 1590 grave

328 1613 533 1700 dispendium
550 1613 663 1700 Regno
679 1618 791 1682 nostro
816 1612 962 1701 ingessit,
993 1613 1088 1682 nobis
1119 1613 1241 1699 pariter
1272 1619 1306 1679 et
1337 1612 1458 1680 nostris

327 1721 414 1789 ultra
428 1723 580 1790 Drawam
598 1720 765 1810 proiectis,
798 1742 856 1807 pro
872 1742 930 1789 suo
948 1741 1053 1808 posse,
1086 1742 1143 1806 per
1174 1741 1270 1788 omne
1301 1721 1458 1807 temporis

329 1829 487 1918 spacium,
520 1850 583 1912 quo
603 1849 724 1895 moram
743 1829 864 1897 ibidem
881 1829 1048 1912 traximus,
1081 1831 1173 1896 iuxta
1190 1829 1291 1895 nostri
1324 1827 1459 1895 honoris

331 1937 530 2024 decenciam,
565 1937 704 2004 fideliter
720 1937 813 2003 affuit
830 1945 862 2003 et
879 1937 1003 2024 devote,
1035 1937 1205 2005 laboribus
1237 1944 1270 2002 et
1301 1938 1458 2022 expensis

331 2064 435 2112 rerum
453 2063 594 2129 enarum,
627 2065 707 2127 quos
724 2052 756 2112 et
771 2063 853 2129 quas
870 2043 930 2111 sub
947 2044 1077 2112 obtentu
1095 2045 1205 2128 gracie
1230 2051 1351 2130 nostre,
1379 2065 1415 2112 se
1432 2055 1462 2112 et
1556 2035 1557 2068 ³

331 2173 407 2220 suos
425 2151 534 2219 subire
550 2153 702 2238 oportuit,
734 2151 880 2235 pensatis
897 2151 1028 2218 minime
1055 2152 1107 2220 rel
1139 2153 1268 2218 curatis.
1310 2152 1458 2220 Tandem
1556 2163 1557 2168 ’

332 2261 426 2327 nobis
442 2280 556 2328 versus
572 2259 733 2326 maritima
750 2259 925 2344 progessis,
957 2261 1023 2346 iam
1039 2259 1146 2327 dictus
1179 2261 1294 2326 comes
1327 2260 1462 2328 Hndina
1556 2255 1557 2260 ’

332 2389 389 2453 pro
406 2369 526 2434 bonore
542 2369 669 2433 Corone
686 2368 794 2451 Regie,
812 2365 847 2433 in
863 2368 976 2452 Regno
993 2375 1104 2433 nostro
1116 2366 1268 2455 existens,
1285 2388 1461 2455 personam

333 2496 428 2544 suam
444 2473 514 2542 suis
529 2473 651 2542 viribus
667 2482 780 2540 contra
797 2475 951 2541 Tattaios
968 2473 1150 2542 antedictos
1177 2493 1254 2560 sepe
1280 2496 1321 2544 ac
1353 2479 1462 2564 sepius
1557 2474 1558 2515 3

335 2602 497 2667 exponere
514 2601 577 2647 non
596 2582 739 2666 expavit,
756 2581 966 2648 laudabiliter
982 2582 1164 2670 preliando,
1182 2583 1236 2650 ubi
1254 2586 1362 2651 ceiam
1380 2587 1460 2652 inito

335 2689 485 2756 conflictu
517 2708 590 2755 cnm
615 2689 749 2774 eisdem,
775 2697 849 2774 post
879 2690 1053 2756 multorum
1085 2699 1299 2774 cognatorum
1330 2713 1462 2761 suorum
1555 2673 1557 2696 ¹

334 2817 447 2863 necem
463 2803 495 2863 et
510 2804 584 2884 post
598 2797 813 2882 multiplicem
830 2797 953 2865 cruoris
968 2799 1019 2864 sui
1037 2798 1238 2885 effusionem,
1255 2807 1354 2882 prout
1372 2801 1463 2868 nobis
1556 2813 1557 2820 ’

335 2907 493 2975 veraciter
509 2905 664 2990 constitit,
695 2907 870 2972 maximam
887 2915 1069 2974 nostrorum
1086 2905 1324 2974 multitudinem
1341 2909 1389 2975 ab
1413 2908 1465 2975 ho·

337 3015 402 3080 stili
420 3019 541 3098 impetn
558 3014 754 3083 defensarit.
794 3018 894 3083 Porro
909 3037 980 3083 cnm
998 3015 1038 3082 de
1070 3013 1241 3081 maritimis
1273 3014 1463 3098 rediremus,

337 3125 420 3190 duce
438 3120 575 3207 Christo,
605 3131 858 3207 prememoratus
874 3125 989 3192 (lomes
1014 3122 1147 3190 Hudiua
1178 3143 1237 3190 nos
1270 3129 1303 3190 ct
1335 3134 1463 3192 nostros

338 3231 506 3296 honestate
523 3227 633 3296 debita
650 3236 833 3317 receptans,
866 3230 982 3297 effudit
1007 3230 1141 3314 largiter
1166 3230 1327 3314 quidquid
1359 3231 1466 3300 fuerat

342 3346 544 3426 oportunum.
585 3337 658 3404 Hiis
674 3337 784 3423 itaque
800 3344 833 3404 et
848 3358 945 3421 qnam
962 3338 1109 3424 pluribus
1125 3337 1309 3405 huiusmodi
1327 3339 1464 3406 fidelita-

339 3447 380 3512 tis
396 3445 556 3530 operibus,
583 3445 636 3529 pie
653 3446 740 3512 circa
756 3446 863 3531 ipsum
880 3445 1012 3533 inducti,
1041 3448 1178 3514 eundem
1195 3445 1350 3513 (tomitem
1368 3449 1467 3514 Hadi-

340 3574 426 3639 nam,
444 3572 514 3619 cnm
531 3560 670 3634 quatuor
685 3553 937 3637 consanguineis
953 3557 1032 3642 suis,
1050 3555 1147 3623 Petro
1164 3553 1327 3638 videlicet,
1343 3555 1464 3636 Gurke,

343 3659 500 3745 Bogdano
519 3667 551 3726 et
567 3659 746 3728 Potocbino
764 3664 795 3727 in
813 3663 936 3730 aulicos
952 3670 985 3730 et
1000 3663 1176 3730 servientes
1194 3668 1321 3730 nostros
1345 3664 1469 3749 recepi·

341 3788 411 3834 mus
428 3766 598 3854 speciales,
629 3769 680 3836 cni
697 3770 799 3836 eciam
816 3771 849 3836 in
867 3770 1205 3856 recompensacionem
1222 3775 1289 3836 tam
1323 3772 1467 3838 eminen-

340 3876 425 3945 cinm
442 3875 650 3943 serviciorum
668 3897 808 3965 suorum,
823 3885 854 3946 et
870 3887 905 3945 nt
920 3879 1029 3965 aptior
1046 3880 1088 3945 ad
1114 3878 1273 3962 obsequia
1303 3875 1466 3946 habeatnr

342 3983 543 4071 infuturum,
570 3985 735 4068 quandam
752 3994 871 4054 terram
903 3986 1035 4054 Wiscnn
1064 3986 1234 4068 vocabulo,
1267 3985 1356 4051 ultra
1388 3985 1468 4052 Dra·

342 4114 439 4175 wam,
464 4093 498 4157 in
514 4093 677 4158 Comitatu
695 4093 904 4178 Simignicnsi
921 4095 1123 4176 existentem,
1150 4093 1191 4160 de
1207 4091 1310 4176 Regia
1328 4093 1468 4161 liberali·

342 4209 410 4269 tate
427 4200 579 4267 duximus
595 4200 832 4288 conserendam,
850 4208 883 4269 et
900 4223 957 4289 por
982 4224 1054 4270 cum
1084 4201 1153 4269 suis
1177 4199 1350 4268 heredibus
1381 4201 1469 4268 here

342 4311 482 4393 dumque
498 4309 740 4376 successoribus
757 4310 826 4377 iure
842 4317 998 4397 perpetuo
1024 4308 1264 4395 possidendam.
1304 4307 1344 4372 ln
1375 4309 1466 4374 onius

344 4415 533 4484 collacionis
550 4417 748 4501 corporalem
765 4419 1004 4503 possessionem
1033 4419 1138 4502 ipsum
1165 4436 1223 4501 per
1254 4413 1381 4482 fidelem
1415 4435 1469 4479 no·

343 4528 442 4590 strum
461 4521 651 4590 Ladiulaum
667 4523 850 4593 Palatinum
877 4532 909 4594 et
925 4525 1079 4592 Comitem
1098 4522 1349 4606 Simignicnsem
1362 4529 1470 4588 ancto-

343 4631 440 4702 ritate
456 4630 559 4718 Regia
576 4633 707 4702 lecimus
726 4634 899 4701 introduci.
941 4634 1039 4703 Cuius
1056 4640 1141 4700 terre
1167 4639 1261 4714 mete,
1294 4627 1380 4696 sient
1411 4648 1469 4718 per
