3228 5198
679 438 696 500 'i

609 521 769 534 Μ

383 715 426 806 2)
449 717 481 784 A
503 723 600 806 pydri
615 719 772 803 hciptoiaa
788 719 995 804 hiedodnyo:

8 937 9 948 χ
231 859 301 928 Nos
331 859 479 930 Briccins
512 859 710 946 Propositus,
743 858 901 926 Nicolaus
934 858 1063 946 Lector,
1095 855 1255 942 Georgius

8 1023 10 1032 ,
118 965 252 1054 Cantor,
268 975 301 1034 et
324 967 491 1035 limerious
522 965 650 1049 Custos,
684 972 854 1052 totumque
885 964 1075 1051 Capitulum
1107 965 1257 1033 Ecclesia

118 1072 307 1142 lauriensis
322 1079 384 1144 stb
401 1073 487 1160 (toro
502 1072 601 1158 Fejer
626 1073 735 1142 (lodex
759 1073 1052 1160 Diplomaticus·tt
1078 1071 1137 1140 IX.
1163 1071 1256 1140 ktttet

7 1175 10 1238 ῑ
120 1187 151 1249 1.
167 1201 194 1247 r.
215 1181 291 1251 uer.
306 1179 342 1268 1.)

377 1343 422 1422 ³)
438 1344 470 1412 A
485 1346 612 1432 aptarat
626 1344 787 1430 reptatas
804 1343 1011 1430 hisdodoyo:

7 1545 9 1552 ,
231 1484 418 1570 Capitulum
434 1485 583 1554 Ecclesia
598 1484 773 1552 Nitricnsis
791 1482 940 1552 omnibus
961 1482 1081 1551 Ohristi
1108 1479 1262 1549 fidelibus

7 1613 8 1684 r
118 1612 257 1678 presens
273 1593 429 1679 scriptum
445 1592 641 1679 inspecturis
658 1593 799 1660 salutem
815 1593 850 1658 in
861 1591 1003 1660 Domino
1015 1590 1259 1676 sempiternam.

7 1693 11 1786 ss
118 1700 170 1767 Ad
186 1699 415 1768 uniuersorum
431 1697 587 1766 noticiam
613 1700 677 1766 eth.
705 1696 801 1784 (mint
829 1697 963 1766 iantcbh
994 1719 1033 1768 aa
1064 1695 1260 1779 esntergami

7 1807 9 1866 ἱ
118 1805 286 1891 htptalan
302 1805 520 1892 hiadvtnya.)

233 1913 333 1982 »Post
348 1913 472 1981 obitum
487 1911 551 1980 stb.
569 1907 665 1998 (mint
680 1911 814 1980 sentebh
831 1935 862 1981 ιι.
884 1909 931 1998 ο.)
1281 1979 1286 1982 ,

6 2075 8 2106 p
230 2017 299 2088 Nos
318 2020 419 2104 igitur
432 2019 640 2087 attendentes
655 2026 688 2085 et
703 2020 953 2086 considerantes
963 2017 1050 2082 hanc
1061 2015 1258 2102 peticionem

6 2177 8 2204 ς
118 2125 191 2192 iore
210 2123 330 2192 iustam
349 2132 379 2193 et
390 2125 457 2209 juri
474 2144 659 2210 consonam,
676 2125 718 2193 de
749 2125 889 2210 legenda
921 2122 1127 2194 Sanctissimi
1157 2121 1256 2207 Regis

6 2215 8 2254 ⁵
119 2230 284 2317 Stephani
301 2231 506 2320 pertinencia
531 2229 575 2297 ad
605 2231 790 2300 libertatem
822 2229 1022 2300 decimarum
1054 2229 1259 2318 prefatorum
1300 2223 1338 2294 '.

120 2357 203 2424 sepe
221 2337 302 2404 dicti
317 2337 508 2423 hlonasterij
526 2337 639 2404 Sancti
653 2335 786 2405 Martini
802 2337 1000 2407 confessoris
1016 2335 1059 2404 de
1082 2336 1180 2405 verbo
1211 2335 1255 2404 cd

6 2431 8 2524 l
118 2445 256 2512 verbum
274 2442 468 2518 transscribi
483 2440 630 2528 fecimus,
648 2440 691 2509 ad
707 2441 869 2510 cantelam
895 2441 1077 2510 uberiorem
1108 2449 1257 2511 nostrum

5 2539 8 2622 i
119 2551 267 2636 sigillum
283 2549 505 2617 authenticum
522 2547 755 2635 appendentes.
794 2551 834 2616 In
864 2547 959 2618 onius
988 2547 1035 2617 rei
1066 2548 1255 2617 memoriam

5 2691 7 2740 3
120 2666 378 2744 perpetuamque
393 2656 578 2724 firmitatem
592 2663 761 2743 presentes
776 2657 904 2726 litteras
922 2657 956 2724 in
982 2656 1089 2725 forma
1120 2655 1252 2744 priuile-

5 2751 7 2762 ’
117 2767 163 2854 gij
184 2765 352 2833 confectas
368 2762 506 2831 fecimus
522 2763 669 2831 emanari
684 2764 861 2830 munimine
878 2763 983 2847 sigilli
1000 2765 1102 2834 nostri
1117 2763 1254 2834 anthen-

5 2863 20 2956 ῗ·
119 2871 175 2938 tici
192 2872 378 2939 roboratas.
399 2873 522 2938 Datum
539 2867 624 2935 feria
639 2868 786 2937 secunda
802 2871 951 2955 proxima
967 2877 1041 2956 post
1058 2869 1257 2938 dominicam

119 2978 419 3066 Ramispalmarnm
436 2997 522 3045 anno
538 2976 670 3043 Domini
703 2976 880 3044 millesimo
906 2977 1133 3046 ccceutcsimo
1163 2976 1256 3060 quin·

5 3093 11 3184 r
120 3087 326 3172 quagesimo.
343 3083 503 3169 Magistro
518 3083 670 3152 Johauue
686 3083 824 3152 hectore
839 3085 988 3153 Ecclesie
1005 3090 1123 3152 nostre.

393 3259 439 3348 4)
463 3260 494 3327 A
511 3261 776 3347 vocztvtopratcc
791 3265 1002 3350 hiadociuyar

230 3405 390 3473 Omnibus
405 3403 527 3472 Christi
542 3373 693 3472 fidelihus
709 3407 914 3491 presentibus
934 3405 1056 3490 pariter
1072 3410 1104 3471 et
1135 3403 1255 3472 suturis

5 3529 7 3596 g
117 3515 331 3600 presencium
346 3511 501 3579 noticiam
518 3510 678 3578 habituris
695 3510 885 3598 capitulum
902 3512 1051 3581 Ecclesia
1068 3509 1254 3579 Waoicnsis

5 3597 7 3676 Ῑ
117 3623 259 3690 salutem
277 3620 311 3684 in
328 3619 471 3686 Domino
496 3617 735 3703 sempiternam.
758 3618 810 3686 Ad
841 3621 1068 3688 uniuersorum
1099 3619 1253 3686 noticiam

5 3801 7 3816 y
117 3729 204 3796 serie
221 3725 425 3812 presencium
442 3724 592 3802 volumus
606 3725 791 3811 peruenire,
818 3727 903 3809 quod
937 3727 1097 3795 discretus
1127 3723 1253 3793 iuuenis

5 3819 8 3930 ff
116 3837 279 3920 Magister
295 3831 481 3918 Stephanus
497 3830 558 3908 stb.‚
577 3829 673 3919 (mint
688 3831 820 3900 fentebb
837 3853 876 3899 aa
887 3833 1083 3918 esutergami
1093 3833 1254 3919 htptalan

5 3935 7 4016 Ξ
116 3937 337 4026 hiadvtnya.)
436 4007 437 4010 ,
909 3970 915 3976 ·

5 4027 8 4052 '
229 4047 326 4113 >Post
342 4044 465 4112 obitum
479 4046 541 4113 sth.
557 4045 651 4132 (mint
666 4046 796 4114 ientehb
814 4068 843 4114 u.
860 4052 903 4125 o.)

5 4233 7 4244 .
226 4154 295 4220 Nos
313 4151 413 4236 igitur
429 4152 662 4237 expeticionem
679 4155 739 4220 stb.
759 4150 855 4240 (mint
870 4149 1003 4221 ientebb
1021 4147 1110 4236 uo.)
1127 4152 1251 4218 Datum

5 4251 11 4344 ζ
113 4283 176 4351 per
191 4281 311 4328 manus
328 4260 461 4328 discreti
476 4259 539 4327 viri
554 4261 705 4344 Magistri
721 4259 851 4328 Nicolai
867 4259 1015 4328 Lectoris
1031 4257 1176 4328 Ecclesie
1192 4279 1247 4327 no·

5 4349 6 4370 ¹
115 4380 184 4440 stre
200 4369 284 4438 feria
310 4374 402 4435 sexta
434 4369 585 4454 proxima
615 4375 691 4436 anto
723 4369 922 4436 dominicam
954 4366 1251 4452 Ramispalmarum

114 4501 203 4548 auno
220 4475 352 4545 Domini
372 4473 546 4542 millesimo
562 4477 787 4544 trecentesimo
811 4474 1094 4560 quinquagesimo.
1105 4467 1252 4542 'Pressu-

113 4591 203 4656 tihus
220 4584 469 4652 honorabilibus
485 4583 563 4652 viris
589 4585 730 4652 dominis
762 4583 931 4651 Domiuieo
964 4581 1134 4669 Prepesito
1166 4581 1254 4650 dicte

113 4695 266 4763 Ecclesie
283 4697 404 4777 norme,
420 4693 558 4761 Nicolao
575 4692 749 4778 Waciensi,
766 4700 798 4760 et
815 4691 879 4760 alio
905 4689 1042 4759 Nicolao
1073 4690 1255 4776 Pestiensi,
