3182 5200
605 904 658 972 to.

78 1100 124 1167 rt.
152 1103 253 1168 Endre
277 1101 389 1188 utroq
413 1106 636 1184 udodrtartdci
652 1105 748 1189 joqct
780 1101 963 1187 eupeddlycz
994 1123 1016 1164 a
1046 1101 1200 1184 tcpuckac'

25 1189 27 1224 ζ
206 1211 352 1298 apdtuuk
369 1209 522 1308 idochum
539 1209 701 1292 holyrdqrc
717 1210 820 1273 πέφνε.
842 1209 935 1275 1213.
951 1207 1050 1274 duod.

25 1369 42 1524 Ξ·
177 1402 324 1471 Andreas
341 1403 402 1470 Dci
417 1405 529 1487 grecis
544 1402 713 1486 Hungcrie
727 1403 797 1470 Rex
815 1410 885 1484 cto,
902 1403 1050 1469 omnibus
1060 1402 1103 1469 ad
1116 1407 1197 1487 quos

86 1531 201 1598 presens
217 1514 375 1596 scriptum
391 1512 578 1597 pervenerit
592 1512 741 1579 sulutem.
758 1509 970 1578 Prosentibns
987 1518 1097 1578 notum
1115 1529 1198 1597 esse,

25 1601 32 1716 ἶ
86 1619 224 1703 uolumus,
239 1627 270 1687 ot
286 1638 352 1686 non
371 1618 472 1684 tatere
489 1623 649 1703 posteros,
684 1636 746 1684 nos
763 1617 972 1685 elemosinam
988 1625 1132 1685 nostram
1158 1618 1198 1684 de

25 1719 27 1728 ’
86 1725 202 1812 duplice
216 1727 249 1794 in
266 1727 420 1796 omnibus
447 1727 652 1810 augmentari
684 1725 861 1814 cupientes,
899 1723 1019 1791 Abbati
1052 1725 1198 1793 eiusdem

71 1831 136 1902 'leci
149 1836 350 1903 concessisse
367 1841 398 1901 ot
414 1833 585 1900 licenciam
601 1832 741 1919 dedisse,
766 1833 870 1900 forum
896 1832 1040 1899 faciendi
1072 1831 1106 1897 in
1138 1833 1199 1900 Ba·

86 1940 181 2021 eiuro,
196 1942 281 2024 quod
301 1942 416 2010 eudem
433 1939 589 2009 firmitate
619 1941 833 2025 libertateque
864 1941 1011 2007 volumus
1042 1939 1199 2025 roborari,

41 2103 44 2110 .
76 2067 140 2130 -qnu
154 2053 257 2117 cetere
271 2048 382 2133 Regni
398 2048 501 2117 nostri
517 2047 592 2116 doro
609 2048 753 2133 gaudere
770 2047 991 2115 dinoscuntur.
1030 2045 1115 2112 Hine
1147 2054 1198 2116 est

72 2153 159 2237 'qnod
173 2155 321 2225 districte
337 2157 536 2244 precipimus
554 2164 585 2223 et
616 2159 677 2225 sub
707 2177 794 2244 pens
825 2157 927 2240 Regio
959 2151 1200 2240 indignacionis

86 2261 248 2351 indicimus,
263 2287 308 2334 ne
328 2265 399 2347 quis
417 2264 567 2334 hominos
582 2265 799 2348 undecunque
815 2262 857 2330 ad
874 2261 993 2330 dictum
1011 2262 1113 2330 forum
1147 2284 1200 2331 rc-

86 2369 191 2440 nientos
206 2393 264 2440 seu
281 2370 361 2440 indo
377 2373 569 2440 recedentes
588 2369 746 2458 impedire
769 2371 823 2439 vel
848 2371 1024 2440 molestare
1057 2391 1200 2458 presum·

86 2483 148 2560 not,
163 2478 218 2545 sed
233 2481 351 2565 pocius
367 2481 477 2562 gracie
493 2487 605 2548 nostre
622 2478 883 2564 recuperacione
899 2478 1036 2546 obtentu
1052 2497 1111 2546 ecs
1127 2499 1200 2564 pro

77 2589 161 2666 :cogat
174 2592 205 2652 et
219 2585 392 2654 defendet.

161 2783 324 2847 tutelares,
343 2784 467 2836 Menum.
486 2785 552 2836 hist.
572 2785 665 2848 Epire.
684 2783 882 2850 Zsffrsbiensis
902 2785 925 2834 Ι.
944 2785 1002 2836 kdt
1025 2789 1067 2835 st.
1087 2786 1117 2846 1.)

505 3069 772 3084 ffl

25 3533 28 3676 i
614 3600 668 3670 ω.

86 3793 125 3860 II.
140 3775 248 3866 Mc
273 3799 383 3882 kirdly
408 3819 429 3860 a
452 3798 607 3884 tepescat
631 3809 791 3866 mortemer
815 3803 967 3888 udpciuek
984 3801 1060 3888 jopi
1085 3803 1208 3871 mosoc

25 3925 26 3934 κ
440 3904 611 3998 Mmcmtju.
630 3905 727 3975 1213.
743 3910 849 3975 kdrdl.

25 4061 29 4188 f
183 4100 335 4168 Andreas
352 4099 414 4166 Dei
431 4099 545 4186 gracie
560 4101 727 4186 Hungaric
743 4104 812 4171 Rex
828 4113 889 4172 etc.
932 4103 1081 4188 Proeipio
1106 4105 1206 4171 emni-

25 4211 27 4294 ζ
85 4205 141 4273 bus
156 4226 295 4294 presens
311 4206 466 4293 scriptum
491 4209 697 4294 inspecturis,
729 4212 814 4296 quod
844 4213 1035 4297 quicumque
1067 4211 1207 4296 pupulos

87 4310 215 4384 ditetis
230 4313 367 4402 Tcplice
382 4315 436 4381 rol
452 4321 559 4382 terres
576 4317 757 4404 detinuerit,
774 4319 826 4384 vel
842 4337 941 4402 super
956 4317 1097 4402 populos
1122 4317 1209 4385 iltius

25 4407 28 4566 j
81 4419 235 4488 ‚fertonem
253 4421 410 4507 collegire
426 4421 518 4489 nobis
536 4423 655 4512 fecerit,
673 4432 704 4492 et
719 4426 809 4512 ipsos
825 4445 898 4492 cum
914 4432 1001 4495 terra
1033 4425 1208 4493 eorundem

25 4567 29 4658 ἱ
79 4529 230 4596 restituet
247 4527 394 4599 Abbecie
410 4537 587 4615 prenotate.
607 4529 702 4608 Quod
717 4534 746 4600 si
763 4553 827 4599 nen
837 4530 960 4612 fecerit,
970 4535 1051 4599 irum
1064 4540 1209 4602 nostrum
