3116 5186
4 265 7 342 '
522 365 679 472 ,aa

59 589 117 636 rum
132 573 312 654 aratrorum,
330 569 464 654 insuper
479 589 555 634 uero
572 589 669 634 uuum
687 588 820 654 porcum
836 588 907 634 cum
934 576 1006 636 coto
1039 563 1163 656 porcel-

4 695 6 770 ρ
61 681 99 762 lis,
117 681 222 744 bouem
239 687 270 745 et
286 699 428 764 capram.
444 678 597 744 Pretcrea
613 685 709 764 terra,
729 699 791 762 que
807 677 905 744 estin
923 675 1066 764 Genmd,
1083 678 1165 745 duas

4 775 6 858 l
63 795 154 873 partes
170 788 262 853 matri
280 807 351 853 mee
368 795 400 853 et
417 787 517 854 sorori
534 808 613 870 mee,
647 788 782 854 terciam
800 807 876 854 uero
905 793 1028 872 partem
1058 785 1167 852 fratri-

4 867 7 962 l
61 897 108 962 bus
121 895 241 962 uostris.
266 897 304 962 lu
319 897 466 981 predicto
484 895 616 962 Geurud
632 897 727 961 matri
744 916 812 961 mee
828 897 910 963 dnos
928 915 1039 962 seruos
1051 896 1165 961 Heuuc

4 1023 7 1090 ;
63 1009 88 1066 ct
100 1003 243 1086 Sumbot3
267 1005 369 1072 sorori
384 1025 455 1072 mee
472 1003 552 1070 duos
570 1003 685 1090 (lhvrc,
703 1003 802 1070 Hucc.
827 1003 978 1071 Predium
995 1023 1072 1069 uero
1089 1001 1167 1068 (lur-

4 1091 8 1212 l
68 1117 111 1195 teg
125 1129 285 1179 commuue
302 1112 431 1179 dimitto
448 1112 601 1179 tratribus
621 1112 742 1179 uostris
768 1111 1010 1197 prenominatis.
1035 1111 1171 1195 Insuper

4 1215 6 1254 ¹
60 1207 235 1285 istos-—
261 1258 292 1268 -
319 1220 650 1308 cleohemorouena,
677 1221 818 1302 Huhquc
845 1240 917 1286 cum
950 1221 1053 1286 tribus
1085 1217 1172 1310 liliis,
1218 1201 1221 1210 ’

61 1324 136 1390 lleda
150 1347 217 1394 eum
234 1327 348 1410 fratre,
364 1330 423 1395 Pet
440 1350 513 1396 oum
529 1326 630 1396 fratre
646 1348 713 1414 suo,
729 1330 791 1393 Fot
807 1347 879 1393 cum
896 1325 995 1393 fratrc
1027 1333 1059 1392 et
1090 1346 1172 1412 oum

61 1434 186 1500 omuibus
202 1435 270 1500 suis
289 1435 560 1520 possessionibus.
598 1433 649 1501 Ne
679 1454 763 1501 uuus
794 1471 838 1482 -
857 1469 896 1481 -
915 1471 959 1484 —-
992 1435 1174 1520 impetreut

62 1559 95 1605 ex
109 1539 190 1624 ipsis.

384 1649 413 1713 A
523 1651 550 1716 Β
657 1648 683 1714 G
796 1649 824 1713 D

104 1843 150 1907 (Az
167 1846 271 1897 eredeti
293 1848 363 1898 ulau
382 1847 480 1898 Knauz
500 1847 624 1912 Ndudor,
642 1848 762 1912 Magyur
782 1845 849 1896 Sion
868 1847 906 1898 11.
926 1847 985 1898 ket.
1005 1851 1065 1898 289.
1086 1848 1115 1912 l.)

474 2135 742 2146 ..-..,,-.----

574 2675 649 2746 auu.
701 2767 706 2775 Ι

61 2871 112 2943 ll'.
126 2877 206 2945 Boia
222 2879 336 2964 kiroly
352 2902 374 2943 a
390 2878 540 2944 dtzeca'ri
555 2877 715 2963 oenddpelt
731 2873 900 2962 (hospites)
926 2877 1047 2942 ro‘szdre
1078 2879 1173 2962 oipja

62 2984 98 3046 Π.
110 2987 238 3052 Andrde
253 2985 336 3054 etltal
351 2988 443 3053 odota
458 2985 699 3071 lriodltadyolcat
713 2989 917 3072 maperdcitoc
941 2985 1021 3069 eijra
1046 2982 1173 3070 kiodja.

566 3094 664 3162 1236.

154 3291 235 3358 Bela
251 3291 314 3358 Dei
330 3290 445 3376 gracia
469 3291 647 3378 Hungarie,
673 3291 854 3376 Dalmacie,
888 3291 1032 3378 Croucie,
1063 3291 1174 3370 Reme,

65 3395 172 3488 Seruio,
187 3399 391 3484 Lodomerie,
407 3401 573 3488 Bulgarie,
591 3401 811 3483 (inmaniaque
827 3402 895 3468 Rex
920 3401 1067 3468 omuibus
1085 3398 1175 3464 Chri·

64 3505 96 3569 sti
110 3505 256 3574 fidelibus
273 3527 408 3592 presens
424 3509 580 3594 scriptum
596 3507 808 3594 inspecturis,
824 3510 963 3574 salutem
982 3511 1016 3575 iu
1032 3509 1173 3574 omnium

64 3611 219 3683 saluatore.
243 3614 296 3680 nd
321 3616 542 3682 vniuersorum
576 3616 731 3683 noticiam
764 3617 878 3683 harum
910 3615 994 3683 serie
1025 3617 1175 3694 volumus

64 3725 227 3810 peruenire,
244 3723 334 3808 quod
349 3724 546 3791 accedentes
562 3725 604 3790 ad
620 3733 764 3791 nostram
781 3724 985 3813 presenciam
1002 3723 1131 3792 villicus
1143 3730 1176 3791 et

64 3821 191 3914 hospites
208 3833 313 3898 nostri
330 3831 372 3898 de
387 3834 554 3921 Deeswar,
571 3833 686 3901 bumili
703 3853 799 3918 prece
816 3853 837 3899 a
852 3832 946 3902 nobis
958 3833 1175 3920 postularunt,
1194 3825 1203 3834 ’

65 3943 94 4000 rt
115 3939 294 4009 libertatem
311 3961 421 4008 eorum
438 3943 480 4009 ab
495 3941 630 4008 Andrea
645 3940 823 4009 karissimo
840 3949 933 4028 patre
949 3949 1072 4025 nostro,
1104 3942 1174 4008 seli·

66 4044 105 4110 ois
119 4049 369 4134 recordacionis,
387 4051 511 4117 eisdem
528 4070 715 4118 concessam
733 4056 842 4117 nostro
868 4049 1080 4135 dignaremur
1112 4051 1177 4135 pri-

67 4154 171 4239 uilegio
187 4162 387 4227 confirmare.
410 4159 624 4238 Quamobrem
643 4161 806 4246 proprium
824 4167 873 4226 est
889 4160 992 4243 Regia
1008 4159 1175 4226 Maiestati

7 4345 9 4364 .
69 4265 313 4335 condescendere
338 4270 489 4355 precibus
521 4268 734 4356 subditorum,
766 4276 801 4335 vt
831 4287 985 4336 uumerus
1016 4274 1177 4352 augeatur

7 4373 9 4464 ἶ
68 4373 256 4462 populorum,
272 4382 303 4443 et
319 4396 378 4462 per
394 4377 455 4444 hoo
469 4379 573 4462 Regia
589 4376 741 4463 potencia
757 4377 861 4443 lacius
893 4375 1103 4455 emendatum
1136 4377 1177 4442 ob

7 4477 8 4548 ³
70 4474 120 4544 boo
134 4484 281 4566 precibus
296 4485 598 4553 condescendentes
614 4505 733 4572 eorum,
750 4486 837 4554 hauc
862 4485 1047 4553 libertatem
1072 4486 1177 4552 inuio·

7 4579 9 4634 ἓ
70 4581 187 4656 labilem
202 4591 407 4661 decreuimus
423 4593 545 4661 eisdem
562 4594 772 4662 condonare:
791 4602 825 4660 vt
839 4616 860 4660 a
876 4594 995 4661 iudicio
1022 4601 1055 4660 et
1086 4593 1179 4660 iuris·

7 4793 10 4850 ι
74 4690 205 4767 diceioue
222 4699 381 4769 Comitum
398 4703 439 4770 de
454 4701 593 4772 Zouuuk
608 4723 667 4789 pro
692 4711 837 4789 tempore
863 4703 1116 4792 constitutorum,
1148 4709 1180 4769 et

7 4859 10 4981 l
