3116 5178
580 334 644 417 uso

530 439 690 450 ..ι-.-

54 539 162 631 logium
176 548 374 614 auctoritate
388 545 492 630 Regis
508 548 746 632 confirmamus,
778 553 967 628 statuentes,
994 555 1029 612 ut
1045 564 1171 632 posses-

54 655 150 722 siones
166 653 200 720 in
225 651 342 720 eodem
373 652 545 738 privilegio
576 673 740 740 expresse,
770 653 886 721 eadem
918 653 1084 736 gaudeant
1113 675 1172 740 per

52 763 148 831 onnia
161 762 326 848 libertate,
343 768 531 846 quaestore
547 761 767 847 possessiones
784 759 929 829 eiusdem
945 761 1089 829 Euoleslo
1113 779 1172 828 ssu

54 868 183 956 Capituli
199 869 351 954 gaudere
365 873 552 937 noscuntur.
589 867 639 936 Ne
655 869 756 954 igitur
770 868 865 937 huius
880 875 989 936 nostre
1004 867 1171 936 oonlirma·

53 980 153 1054 oioues
168 979 271 1046 series
287 979 402 1046 valeat
416 998 572 1063 processu
587 985 767 1064 temporum
785 999 806 1045 a
829 976 975 1062 quolibet
1000 975 1171 1062 infirmari,

53 1087 105 1153 sed
119 1091 310 1173 perseveret
326 1085 396 1152 iure
410 1091 572 1170 perpetuo
586 1083 724 1169 illibata,
756 1089 923 1171 presentes
937 1082 1066 1151 litteras
1092 1081 1171 1168 dup-

52 1193 135 1277 plioia
149 1193 255 1279 sigilli
275 1191 381 1261 nostri
396 1192 576 1260 munimine
601 1190 756 1260 iussimus
786 1190 943 1260 roborari.
982 1189 1105 1260 Datum
1136 1191 1170 1258 in

51 1299 161 1388 Zolurn
193 1322 283 1370 anno
301 1301 475 1370 Dominioe
490 1300 737 1368 Inoamaoionis
753 1300 928 1368 millesimo
944 1298 1170 1368 ducentesimo

53 1407 195 1494 tutu,
220 1411 328 1479 tersio
344 1408 419 1478 idus
443 1407 654 1497 Septembris,
679 1407 784 1494 Regni
814 1414 922 1477 autem
952 1407 1055 1479 nostri
1085 1426 1172 1476 suno

52 1515 240 1586 duodecimo.

96 1717 255 1790 (numios,
275 1720 403 1774 Monuni.
422 1720 559 1774 historica
577 1717 669 1784 spise.
688 1717 882 1785 ngrabiensis
900 1717 924 1772 1.
942 1718 1002 1772 kot.
1024 1723 1065 1770 90.
1085 1718 1116 1784 l.)

474 1985 742 2004 m

571 2437 647 2508 251.

11 2683 13 2698 ,
131 2634 238 2708 Jadra
255 2645 355 2709 odron
370 2639 464 2708 tedet
480 2660 501 2702 α
516 2638 670 2708 edenenas·
685 2637 967 2726 torruerasuyoal.
984 2642 1079 2709 1247.

410 2837 590 2904 Paetum
633 2834 779 2904 dadre.

11 3021 12 3024 Ἴ
148 2943 186 3011 Ιιι
200 2943 333 3013 nomine
348 2943 410 3011 Dei
427 2943 539 3010 llterni
555 2943 666 3010 Arnen.
684 2945 778 3010 Anno
794 2945 837 3012 ab
852 2944 1081 3012 Inoaruatione
1104 2947 1168 3012 Do

11 3103 13 3112 ,
58 3048 125 3116 mini
139 3053 242 3120 nostri
259 3051 341 3120 losa
356 3051 478 3118 Ohristi
493 3050 666 3118 millesimo
683 3051 906 3138 ducentesimo
916 3051 1167 3138 quadragesimo

11 3153 12 3156 ’
60 3159 192 3246 septimo,
210 3160 265 3227 die
281 3159 384 3246 primo
400 3159 520 3228 mensis
536 3157 684 3244 Augusti,
711 3159 887 3229 indictione
903 3159 1026 3244 quinta.
1044 3161 1082 3226 In
1098 3180 1170 3246 pre·

62 3267 152 3332 sentin
166 3268 279 3337 lrslris
297 3267 424 3336 Albsrti
443 3267 591 3351 Magistri
609 3267 758 3334 Fratrum
774 3269 933 3335 Minorem
951 3266 991 3335 de
1007 3267 1167 3354 Venetiis,

11 3373 31 3447 ᾖ
59 3367 153 3441 fratris
169 3375 313 3443 Venture
329 3373 472 3444 eiusdem
490 3374 633 3460 Ordinis,
659 3373 837 3442 Alexandri
863 3375 904 3442 de
929 3375 1028 3444 Retio
1043 3375 1169 3444 Judiois

59 3475 191 3571 leunisii,
206 3482 329 3551 domini
341 3481 467 3550 Alberti
484 3481 567 3570 Papi
584 3481 625 3550 de
640 3482 802 3568 Tarvisio,
818 3481 979 3552 Johannis
995 3484 1170 3569 Bergonoi,

62 3581 168 3656 llathsi
191 3589 231 3658 de
258 3590 382 3674 Padus,
409 3589 577 3676 Gordiani,
592 3591 714 3676 Augeli
730 3591 871 3680 Franco,
886 3596 920 3658 et
936 3591 1072 3660 aliorum
1097 3593 1167 3679 plu·

11 3787 12 3792 ἵ
62 3688 129 3760 uun
144 3699 272 3766 testium
294 3697 337 3765 ad
363 3696 425 3766 hoo
455 3707 653 3784 rogatorum.
679 3699 748 3766 Nos
773 3698 904 3784 quidem
928 3698 1018 3786 Po‘po
1044 3699 1085 3767 de
1110 3702 1169 3770 Pe·

11 3845 13 3907 3
62 3801 141 3868 trona
164 3813 194 3872 et
225 3807 428 3891 Grisogonus
448 3805 489 3875 de
508 3807 619 3875 Mauro
634 3807 759 3891 Nuntii,
775 3805 920 3895 Syndioi,
938 3809 1170 3877 Proouratores

63 3911 89 3970 et
114 3910 242 3980 Antores
273 3912 398 3982 domini
428 3913 586 4001 Stephani
618 3913 660 3982 de
689 3913 806 3999 Ploiga
827 3911 953 3982 Judiois
972 3916 1166 3983 etReotoris

64 4007 283 4088 Jtdretinornm
322 4021 414 4090 None
445 4021 724 4109 oommorautium,
757 4027 790 4090 et
819 4022 874 4088 hio
904 4023 1103 4108 presentium
1135 4029 1169 4090 et

11 4145 13 4224 ff
65 4118 261 4216 sumentium,
295 4135 327 4195 et
351 4129 495 4217 ipsorum
526 4129 781 4215 Jadretiuornm,
813 4131 945 4199 nomine
975 4130 1117 4217 ipsorum
1135 4138 1168 4199 et

11 4321 12 4330 ἵ
66 4219 278 4303 Universitntis
294 4235 535 4304 Jsdretinorum
552 4243 586 4304 et
616 4245 726 4306 nostro
758 4237 935 4306 asserimus
953 4261 961 4304 ε
978 4237 1065 4324 qnod
1096 4255 1168 4306 oum

66 4328 221 4422 instigante
252 4343 385 4411 humani
418 4345 548 4432 generis
580 4345 713 4414 inimioo
747 4352 779 4412 et
795 4345 1002 4431 exigentibus
1027 4346 1169 4432 pensatis

11 4447 12 4458 ¹
68 4444 246 4533 nortmanos
261 4451 400 4538 prodisti
419 4453 581 4522 Jadrstini
608 4452 780 4521 Civitatem
808 4453 1011 4522 dodretinam
1038 4453 1171 4521 rebella·

67 4549 185 4622 serimus
209 4559 279 4625 siue
304 4579 403 4629 eausa
428 4569 542 4629 eontra
569 4563 747 4647 piissimum
766 4559 1098 4648 dominumJnostrum
1113 4562 1169 4630 Je-

70 4653 164 4728 oobun
179 4665 357 4758 'Poupolum
388 4669 450 4739 Dei
482 4669 588 4754 gratia
619 4669 838 4760 Venellorum,
872 4671 972 4742 Dalm

966 4873 1019 4888 'qu
1079 4868 1162 4884 -ν-ΨΜ
