3160 5208
595 941 669 1013 124.

11 1135 12 1138 ‘
78 1137 261 1206 ovum
277 1142 311 1206 a
328 1141 467 1226 capena
483 1139 569 1207 uana
584 1138 803 1205 macerino·
817 1141 1067 1208 oeconomias
1083 1099 1193 1208 nonae
1236 1131 1242 1138 '

371 1248 446 1313 Ιιοιιό
458 1258 610 1314 cevecetes
624 1249 772 1333 okmdny
791 1250 886 1314 1225.
954 1321 955 1326 ἵ

171 1444 283 1512 llense
300 1443 493 1528 Septembri,
503 1440 680 1509 indictione
696 1441 785 1510 XIV.
797 1442 997 1511 venceslaus
1011 1442 1187 1510 Autolinus

11 1551 238 1637 Ιιιςιιιιιιι
254 1552 299 1620 de
324 1551 463 1619 confinio
480 1549 593 1618 Sancti
608 1549 729 1617 llathci
753 1549 885 1619 Rivialti
903 1557 978 1618 ante
994 1551 1190 1636 presentiam

11 1659 187 1726 domini
215 1661 322 1728 Ducis
355 1667 387 1727 et
419 1679 548 1726 suornm
575 1657 837 1726 Consiliariornm
868 1658 954 1725 Petri
971 1658 1013 1725 de
1028 1658 1193 1744 Boeassis,

11 1855 12 1858 Ἴ
11 1767 213 1855 liyoolay
228 1767 354 1838 Faletri
371 1765 729 1854 etdndrecdetianuli,
743 1767 978 1851 representavit
994 1767 1023 1834 ei
1041 1767 1075 1832 in
1093 1784 1192 1833 manu

11 1885 12 1904 ¹
73 1875 565 1962 suaduoinstmmentaquornm
576 1871 1213 1960 tenorbioinferiussoriptusreperitur.'

75 1984 111 2050 lit
124 1984 165 2049 ibi
181 2003 319 2068 presens
336 1991 407 2052 erat
422 1984 536 2052 Comes
552 1983 697 2051 Johanes
714 1983 887 2051 Dandulus
905 1981 944 2050 de
960 1980 1116 2067 Rugusia,
1132 1981 1187 2064 qui

75 2111 136 2156 cnm
152 2091 289 2158 vidisset
306 2091 366 2158 illa
381 2091 597 2159 instrumenta
609 2097 640 2159 et
656 2093 871 2178 cognovisset,
888 2089 982 2173 dixit,
1001 2086 1088 2173 (luod
1103 2087 1192 2154 laeta

75 2204 103 2263 et
115 2199 378 2284 scriptuluerunt
393 2201 545 2285 legaliter
561 2220 618 2286 per
634 2199 759 2283 legales
771 2206 803 2266 et
818 2199 919 2267 bonos
931 2180 1029 2282 atoue
1045 2195 1189 2263 creditos

75 2309 244 2374 tabeliones
278 2306 433 2375 Ciuitatis
462 2309 616 2394 Ragnsie,
656 2327 737 2392 qnos
769 2309 850 2375 bene
881 2305 1099 2392 cognoscebat
1130 2323 1188 2390 pro

75 2411 227 2496 legalibus
244 2421 279 2482 et
295 2413 481 2483 melioribus
498 2415 602 2501 ipsios
618 2411 779 2482 Civitatis.
796 2415 837 2480 Et
854 2414 926 2481 ideo
942 2414 986 2480 ad
1002 2410 1192 2479 memoriam

75 2521 265 2589 retinendam
283 2521 391 2589 dietus
408 2522 642 2589 dominnsDux
659 2527 691 2589 et
705 2522 768 2607 ipsi
785 2520 971 2590 Conciliarii
982 2523 1193 2608 preceperunt

74 2627 189 2696 modum
209 2635 410 2696 ettenorum
431 2629 572 2714 ipsorum
584 2629 867 2698 intrumentornm
878 2629 939 2698 hoo
950 2629 1033 2696 libro
1044 2625 1176 2693 Commu

74 2735 116 2800 nis
124 2732 226 2803 scribi.
241 2735 353 2803 Tener
361 2743 469 2804 autem
485 2735 581 2820 primi
596 2735 799 2803 instrumenti
815 2735 888 2804 talis
906 2743 976 2802 est:

166 2842 205 2909 In
236 2841 371 2909 nomine
401 2841 531 2909 Domini
561 2839 721 2908 MOGXX.
752 2841 874 2911 mensis
898 2839 997 2908 Medii
1019 2838 1108 2908 xvi.
1136 2837 1191 2903 die

75 2967 167 3014 eoram
183 2951 379 3038 subscriptis
395 2951 552 3019 testibus:
569 2950 724 3018 Ursacius
741 2950 913 3019 Dommate
931 2950 1016 3017 filius
1032 2945 1189 3028 obligavit

75 3075 104 3121 sc
116 3059 335 3142 superomnia
350 3079 411 3127 sua
436 3058 513 3125 dare
529 3059 626 3126 talem
651 3069 837 3145 pacatorem
863 3057 1015 3126 Antolino
1032 3053 1190 3140 Luniano,

22 3165 189 3246 qualem
220 3166 379 3232 Antoiino
409 3167 577 3252 placuerit,
594 3175 629 3233 ut
655 3169 864 3254 illepagator
880 3167 1127 3234 mittattantum
1152 3162 1192 3227 de

75 3290 124 3338 svo
153 3293 224 3340 enm
255 3274 331 3357 ipso
355 3273 532 3341 Autolino
524 3295 557 3341 ιι
586 3275 767 3359 Veneoiam,
795 3275 882 3360 quod
901 3279 1000 3361 possit
1017 3288 1134 3358 pacare
1157 3288 1192 3335 se

11 3375 235 3452 ldntolinns
269 3379 313 3446 de
344 3388 474 3448 centum
505 3381 606 3468 libris,
648 3383 774 3455 salvis
765 3405 799 3450 ιι
815 3390 913 3451 terra.
944 3383 979 3450 Si
995 3389 1100 3449 autern
1128 3399 1191 3446 non

11 3481 285 3554 observaverit
316 3488 386 3575 boo,
418 3490 578 3557 tenebitur
609 3490 713 3559 dare
704 3512 737 3558 un
754 3492 894 3578 duplum
932 3491 1034 3556 Sicci
1059 3486 1192 3554 dealiis

75 3590 155 3661 libris
185 3603 325 3682 centnm,
342 3617 422 3682 quas
454 3599 561 3666 dietus
586 3598 742 3668 Ursacius
773 3599 869 3668 debet
894 3599 999 3666 eidem
1025 3595 1188 3664 Autolino.

11 3723 14 3790 j
76 3699 151 3767 idem
168 3699 322 3772 Ursacius
339 3706 478 3793 domum,
496 3727 559 3791 que
570 3714 619 3774 est
634 3708 741 3775 uxoris
760 3705 855 3774 Cerni
873 3707 1008 3794 Vitane,
1024 3704 1190 3790 asignavit

75 3806 213 3879 lntolino
228 3814 264 3878 in
280 3814 398 3898 pignus
414 3815 472 3881 tali
487 3822 595 3901 paeto,
612 3822 647 3882 ut
662 3817 749 3882 omni
782 3835 867 3882 anno
885 3815 1033 3883 Atolinns
1050 3811 1191 3897 accipiet
1254 3891 1263 3904 κ

77 3911 110 3978 de
135 3917 204 4002 ipsa
236 3920 332 3988 domo
364 3922 458 3988 XXV
490 3923 590 3989 libras
606 3923 765 4006 usquead
793 3923 840 3992 IV
871 3944 985 4009 annos,
1004 3923 1107 3989 donce
1132 3922 1191 3986 boc

11 4017 13 4080 i
78 4023 161 4092 modo
184 4037 313 4096 centnm
331 4030 434 4097 libras
459 4033 701 4117 compleantur3
725 4038 757 4096 et
781 4031 810 4098 si
837 4031 908 4118 boc,
934 4037 969 4098 ut
994 4031 1189 4116 dictumest,

11 4123 13 4200 Ῐ
76 4148 129 4196 ιιι
150 4125 386 4224 observaverit,
418 4139 576 4206 Ursacius
609 4138 770 4206 tenebitur
802 4139 881 4205 dare
921 4138 982 4205 has
1024 4139 1123 4205 libras
1158 4140 1192 4203 in

11 4319 13 4332 Ι
83 4234 211 4322 duplum.
252 4243 321 4310 Hec
352 4250 460 4312 antem
502 4251 596 4312 carta
626 4247 716 4313 nullo
733 4244 916 4312 testimonio
947 4247 1051 4332 rumpi
1083 4247 1192 4332 possit.

79 4342 211 4415 lliisunt
235 4357 357 4418 testes:
388 4352 535 4419 Lnearns
566 4353 697 4420 Comitis
730 4354 866 4440 Nyoolai
899 4356 1007 4422 lodex
1047 4355 1189 4440 duratus,

11 4471 13 4516 ι
80 4447 213 4522 Kolenda
230 4457 393 4542 Stepaoie,
411 4457 472 4527 Vit.
489 4459 601 4546 Gradi,
618 4461 785 4528 lohannes
802 4461 959 4545 Bogdani.
973 4462 1012 4527 llt
1024 4482 1084 4546 ego
1102 4483 1191 4550 pres·

11 4599 13 4644 ι
82 4553 153 4626 biter
169 4563 326 4635 (letaldus
343 4574 375 4633 et
406 4568 558 4638 Comanis
576 4569 731 4636 Notarius
747 4571 923 4639 lirratus
909 4569 1046 4656 scriptor
1071 4591 1140 4638 sum
1158 4580 1189 4639 et
