3160 5208
539 309 702 414 „ae-e-

28 539 29 542 ¹
70 510 179 593 locum,
204 505 259 573 ubi
274 527 359 594 pons
376 517 425 575 est
440 515 474 573 et
489 505 544 574 via
559 509 646 574 silue
662 507 780 594 Zylag,
812 513 845 573 et
860 506 894 571 in
910 509 1024 576 eadem
1040 510 1101 574 via
1115 530 1188 576 ver·

67 627 119 686 s'ur
133 635 245 701 equam
262 616 377 702 Lupus
392 636 413 681 a
429 622 523 702 parte
548 615 700 682 orientali
725 613 941 701 progreditur,
975 623 1007 683 et
1037 616 1184 682 ascendit

27 799 28 802 Ἴ
68 744 228 814 parumper
242 744 304 810 per
321 723 430 809 bercb,
447 731 480 791 et
494 721 588 792 radit
602 723 646 793 ad
670 728 812 793 montem
838 722 968 790 nomine
998 723 1184 813 Kekeluga,

27 829 29 834 ’
68 851 121 918 que
135 840 181 901 cst
194 831 228 899 in
244 833 364 900 eadem
379 833 447 918 via,
464 829 729 916 descendensque
745 830 788 898 ad
819 835 919 915 caput
950 831 1099 914 Ereusag
1127 849 1184 896 uo·

68 941 152 1028 mine,
167 939 258 1007 rudit
274 939 320 1006 ad
338 959 451 1008 nemus
466 937 579 1025 Lupus
595 939 709 1008 subtus
726 957 877 1025 campum
895 937 1142 1023 (lulryumezcu,
1153 944 1186 1004 et

70 1045 186 1136 q'parte
200 1045 352 1114 inferiori
367 1047 456 1114 eadit
472 1045 507 1113 in
522 1067 643 1130 aquam
673 1046 795 1132 Lepus,
827 1042 1092 1130 descendensque
1125 1066 1184 1132 per
1286 1091 1297 1112 t

67 1156 189 1222 eandem
205 1175 329 1240 aquam
347 1175 453 1238 usque
467 1157 583 1239 locum,
611 1153 669 1221 ubi
686 1166 736 1220 est
766 1156 857 1221 locus
887 1151 1001 1222 domus
1031 1163 1063 1222 et
1094 1153 1184 1223 fossa

43 1241 162 1346 'magui
176 1261 332 1346 Andree3
357 1271 391 1330 et
407 1263 453 1329 ibi
469 1261 632 1330 bansieus
648 1259 753 1329 tendit
777 1258 821 1328 ed
853 1261 1033 1348 predictam
1065 1263 1184 1330 siluam
1235 1307 1238 1316 ,

64 1369 203 1458 Keykus3
219 1369 301 1437 hinc
317 1367 522 1456 procedendo
538 1389 714 1455 parumper
729 1389 832 1454 supra
842 1369 1009 1436 deseendit
1019 1371 1184 1456 inaquam

66 1476 535 1566 quediciturKeykuspotoka,
570 1498 592 1543 a
607 1497 673 1561 qua
697 1477 782 1546 silua
813 1476 949 1562 Keykus
982 1497 1102 1546 nomen
1134 1487 1183 1548 est

24 1617 26 1682 3
64 1587 183 1671 sortitu3
207 1585 284 1652 binc
300 1586 450 1675 procedit
464 1584 614 1669 superius
629 1605 688 1670 per
714 1584 852 1651 eandem
883 1604 1003 1668 aquam
1033 1585 1183 1672 Kephas,

24 1721 26 1734 ³
65 1693 144 1761 radit
166 1693 209 1760 ad
235 1703 340 1781 caput
371 1693 528 1781 eiusdem,
559 1691 808 1779 procedensque
840 1692 883 1759 ad
915 1698 1066 1780 montem,
1098 1695 1184 1762 vnde

24 1877 25 1880 Ἴ
62 1801 164 1868 eadem
179 1821 267 1885 aqua
283 1801 400 1888 oritur,
417 1797 509 1868 vadit
524 1819 583 1886 per
598 1795 700 1868 berch
717 1786 895 1884 circuitque
921 1807 1020 1887 eaput
1050 1799 1184 1886 minoris
1229 1791 1232 1802 ⁴

23 1903 25 1930 ⁵
65 1909 164 1999 tezer,
178 1910 290 1995 ibique
308 1908 505 1993 disiungitur
521 1907 562 1975 de
577 1907 663 1976 silua
689 1905 805 1995 Zylag,
832 1907 1057 1994 incipiensque
1074 1917 1184 1976 tenere

68 2031 170 2086 meum
185 2037 255 2084 cum
275 2019 382 2102 Rege,
399 2038 420 2083 a
435 2015 545 2103 capite
561 2034 647 2098 aque
664 2015 796 2082 nomine
812 2013 912 2101 Oozu,
936 2015 1012 2082 binc
1037 2017 1184 2102 procedit

68 2124 103 2190 ud
115 2126 214 2194 locum
230 2124 468 2212 supradictum,
486 2123 541 2208 qui
559 2120 677 2189 dicitur
692 2121 935 2208 Butunbouosa,
955 2123 1059 2207 quiin
1076 2124 1185 2210 capite

68 2233 230 2301 bleramors
247 2241 282 2300 et
301 2232 390 2301 Gonu
406 2231 529 2319 existit,
547 2231 632 2298 vnde
648 2236 736 2297 meta
751 2229 896 2316 predicte
928 2231 1012 2298 silue
1043 2230 1104 2299 fuit
1136 2236 1185 2300 in·

68 2341 187 2426 cboatm
212 2342 271 2425 qui
287 2341 381 2407 locus
396 2343 527 2423 separat
543 2338 587 2407 ad
604 2338 737 2424 plagam
753 2339 945 2405 orientalem
973 2339 1093 2406 siluam
1124 2341 1184 2408 Re

69 2451 119 2536 gis,
132 2447 173 2517 ad
188 2457 318 2534 partem
334 2471 414 2517 vero
431 2449 667 2516 occidentalem
684 2447 801 2515 siluam
827 2445 1046 2533 predictorum
1079 2450 1184 2518 Comi-

21 2617 22 2624 ,
69 2562 125 2621 tum
152 2557 256 2625 Sebus
292 2563 326 2624 et
348 2557 538 2641 Alexandri,
555 2556 651 2624 etsie
667 2556 868 2623 terminatur.
906 2553 1060 2625 Preterea
1085 2579 1183 2644 quas·

21 2683 22 2686 ’
70 2663 247 2733 demtcrras
263 2665 442 2732 Alexandri
470 2661 604 2730 Comitis
636 2685 657 2730 a
687 2664 782 2729 nobis
814 2661 938 2729 dudum
971 2666 1121 2750 collatas,
1154 2675 1186 2735 ct

21 2757 22 2828 j
70 2771 211 2854 quasdam
227 2771 412 2858 empcionis
429 2773 525 2840 titulo
542 2790 712 2860 possessas
727 2773 762 2836 in
787 2770 989 2840 discussione
1020 2777 1182 2860 perpetui-

70 2881 135 2945 tatis
146 2903 200 2966 per
215 2880 473 2966 primogenitum
490 2885 634 2948 nostrum
651 2879 765 2946 Belum
780 2881 904 2964 Regem
919 2881 1049 2947 ablatas
1066 2883 1184 2952 intuitu

21 3027 23 3064 r
71 2985 217 3055 fidelitatis
233 2988 384 3057 eiusdem
402 2989 439 3056 Α.
457 2988 594 3055 comitis
610 2987 747 3072 dignum
762 2986 914 3054 duximus
930 2986 992 3054 sibi
1010 2989 1043 3054 in
1070 3009 1185 3077 perpe·

21 3135 23 3142 ·
72 3099 147 3160 tuum
161 3103 192 3163 et
206 3097 276 3163 suis
294 3094 471 3164 heredibus
497 3095 729 3163 restituendas.
769 3095 914 3173 Quarum
946 3101 1023 3163 sunt
1054 3098 1186 3167 nomina

21 3271 22 3280 p
66 3199 180 3290 *Corma
195 3203 344 3290 Hablan,
360 3202 488 3290 (lubra,
506 3203 630 3290 Bozyn,
644 3201 783 3287 blyzlen.
800 3203 882 3268 Item
899 3202 1054 3270 istasunt
1071 3207 1185 3290 empti·

21 3307 22 3316 ’
71 3309 114 3375 cia
128 3333 135 3374 :
150 3309 376 3396 (loturtukbel,
393 3318 425 3376 et
441 3293 509 3376 tota
525 3317 614 3377 terra
629 3307 759 3378 nomine
784 3308 973 3378 Moluchka.
1012 3311 1095 3380 Item
1121 3314 1185 3383 iste

21 3483 23 3512 ί
72 3426 136 3484 suut
150 3439 168 3484 a
181 3419 288 3503 uobis,
303 3417 386 3483 sieut
403 3423 434 3484 et
451 3417 590 3502 relique,
605 3417 672 3483 iam
688 3416 809 3485 dudum
826 3418 947 3485 collate
975 3441 983 3483 t
1017 3417 1185 3490 (lolcbona

21 3525 23 3586 ἵ
71 3523 204 3592 udeteet
218 3533 255 3593 et
269 3523 408 3604 uberet,
427 3543 498 3592 cum
514 3524 657 3592 eiusdem
675 3525 768 3592 metis
785 3531 817 3591 et
826 3524 1052 3613 pertinencijs,¹
1067 3530 1186 3614 quibus

21 3673 23 3700 i
76 3638 157 3699 antea
171 3634 255 3701 iuste
271 3630 470 3718 possidebat.
504 3635 549 3700 Vt
564 3631 664 3716 igitur
681 3632 899 3719 predictarum
916 3638 1077 3701 terrarum
1096 3636 1187 3705 rcsti·

21 3813 23 3830 i
74 3738 156 3825 tucio,
179 3759 245 3807 nou
261 3739 412 3808 obstante
428 3740 517 3824 quod
533 3747 678 3825 tempore
695 3739 885 3807 donacionis
901 3747 1014 3808 nostre
1030 3762 1186 3812 concessa

21 3839 22 3842 ’
76 3841 147 3934 (lgy)
162 3856 358 3916 memoratus
374 3847 460 3914 tillut
477 3854 587 3916 noster
603 3851 639 3915 B.
657 3848 726 3914 Rex
744 3847 886 3933 infregit,
902 3851 1000 3916 salua
1016 3870 1143 3937 semper
1154 3859 1186 3919 et

21 4011 24 4032 ,
77 3951 253 4026 inconcussa
266 3964 469 4042 permaneat,
485 3963 667 4040 presentem
686 3956 904 4023 concessimus
933 3958 1089 4041 paginam
1123 3960 1186 4044 pri·

21 4049 23 4056 ¹
78 4061 247 4146 uilegiantis
264 4063 369 4148 sigilli
384 4066 490 4132 nostri
508 4064 685 4131 munimine
701 4065 735 4131 in
769 4071 959 4150 perpetuum
991 4071 1186 4133 roboratam.

50 4183 53 4188 ·
78 4167 180 4238 ilatum
194 4192 254 4261 per
269 4179 387 4242 manus
402 4172 585 4258 Mycbaclis
601 4169 751 4256 Magistri
769 4180 801 4239 et
815 4171 900 4239 Aule
916 4171 1018 4255 Regio
1051 4171 1185 4240 Cancel-

79 4273 140 4366 larij
155 4299 235 4348 anno
250 4279 422 4347 Dominiee
438 4280 684 4349 Incarnaeionis
700 4279 960 4347 M⁰CG⁰XXXIt
995 4279 1187 4346 Venerabili

21 4467 23 4474 Ι
80 4379 199 4452 boberto
236 4387 452 4473 Strigouiensi
500 4389 767 4476 archyepiscopo
814 4389 991 4472 existente,
1041 4386 1187 4472 Vgulino

21 4541 23 4546 .
78 4485 230 4562 ¹dolocensi
266 4495 551 4584 Arebyepiscop03
591 4499 748 4581 Gregorio
781 4495 973 4583 (lewrieusi,
1006 4495 1097 4563 Gleto
1121 4486 1188 4580 Αε-

21 4669 23 4676 p
79 4595 173 4682 uenti,
208 4603 333 4671 Briecio
370 4604 533 4693 Vaeiensl,
571 4605 798 4674 Bartholomeo
836 4603 1088 4691 wesprimiensi,
1119 4603 1188 4671 Ste-
