3116 5178
14 541 16 566 ³
103 521 213 599 litteras
228 530 341 618 prefati
357 533 506 603 Ladirlai
523 535 666 602 Palatini
684 541 717 601 et
735 534 868 604 Comitis
886 531 1103 620 Symigiensis
1118 535 1213 604 nobis

107 638 243 723 constitit,
270 640 330 706 hoc
345 639 459 708 ordine
476 641 700 726 distinguntur
728 667 736 708 ε
769 644 878 727 prima
909 649 996 712 meta
1026 643 1140 730 incipit
1170 643 1213 712 ab

14 733 16 796 ἶ
100 746 218 814 oriente
232 747 271 814 ab
286 747 527 832 aquaitibinac
544 749 632 837 apud
649 749 730 817 duas
747 750 888 835 arbores,
905 770 1041 835 quarum
1058 771 1125 818 una
1138 771 1212 836 gnr-

14 879 16 956 3
97 853 175 923 tanfa
197 851 309 922 dicitnr
334 861 368 922 et
399 857 507 923 altera
540 855 704 939 avellana,
736 856 813 925 inde
845 856 950 924 tendit
983 878 1042 943 per
1073 859 1210 927 candem

14 968 16 1038 ἕ
95 981 197 1046 aquam
215 961 352 1030 Ribinac
368 985 482 1033 versus
498 963 666 1034 meridiem
683 967 874 1052 perveniens
886 964 928 1033 ad
939 985 1059 1048 aquam
1070 965 1208 1052 Ratcba,

14 1065 17 1156 i
96 1074 124 1134 et
135 1067 241 1157 incipit
257 1078 370 1142 tenere
386 1079 490 1140 metas
509 1091 583 1141 curn
599 1074 725 1161 Alexio,
743 1075 812 1142 tilio
826 1075 929 1160 Moys,
963 1072 1019 1140 ubi
1044 1079 1120 1142 sunt
1145 1073 1209 1143 due

95 1183 168 1245 nete
181 1184 281 1248 terrea
298 1181 359 1248 sub
376 1181 556 1270 arboribus,
574 1181 699 1250 scilicet
732 1184 794 1250 snb
811 1201 891 1250 orno
916 1187 949 1250 et
974 1181 1057 1268 piro,
1091 1181 1208 1251 deinde

94 1303 143 1369 per
156 1286 285 1356 eundem
302 1308 422 1373 aquam
440 1289 567 1363 Ratcba
583 1290 688 1358 tendit
713 1310 772 1377 per
804 1297 930 1379 partem
962 1289 1207 1359 meridionalem

14 1389 16 1402 '
97 1391 176 1459 etibi
190 1401 237 1464 est
251 1401 339 1464 meta
355 1403 461 1466 terrea
478 1401 537 1467 sub
555 1399 672 1466 arbore
681 1397 849 1485 gurtansa,
865 1403 897 1465 et
906 1397 983 1466 inde
992 1394 1206 1484 progrediens

95 1502 286 1582 pereundam
303 1503 393 1572 eadit
408 1507 443 1573 in
459 1525 577 1591 aquam
593 1503 745 1592 Obasma,
762 1505 818 1572 ubi
834 1511 884 1573 est
900 1495 989 1574 meta
1013 1511 1120 1573 terrea
1144 1507 1204 1573 snb

14 1689 16 1700 ,
96 1605 199 1677 arbore
214 1610 309 1698 talia,
325 1618 358 1679 et
374 1611 491 1699 incipit
505 1623 615 1682 tenere
638 1621 741 1682 metas
773 1631 844 1679 enm
875 1612 988 1700 populi
1019 1611 1061 1679 de
1093 1611 1204 1700 Garig.

14 1703 15 1722 ¹
92 1715 158 1784 inde
172 1736 245 1786 vero
261 1739 322 1805 per
339 1717 516 1790 chasnen
533 1719 670 1788 tendens
685 1719 822 1788 inferius
838 1719 881 1786 ad
908 1717 1108 1788 occidentem
1133 1740 1203 1808 per·

91 1825 166 1893 uenit
180 1825 222 1892 ad
239 1832 382 1917 pontem,
398 1830 455 1896 ubi
472 1837 523 1896 est
539 1847 663 1912 magna
678 1827 743 1915 via,
761 1826 817 1892 ubi
833 1827 937 1893 eciam
954 1832 1030 1894 sunt
1046 1826 1106 1893 due
1118 1833 1203 1898 mete
1327 1911 1328 1914 Ἴ

90 1938 179 2000 terrea
193 1937 254 2002 sub
270 1935 454 2019 arboribus,
470 1954 607 2018 quarum
622 1955 689 2002 una
704 1934 787 2002 tniia
802 1934 919 2000 dieitur
936 1939 969 2000 et
985 1936 1088 2003 altera
1113 1937 1203 2006 reke-

90 2040 142 2126 ria,
157 2038 312 2128 incipiens
329 2041 451 2110 ibidem
467 2048 578 2112 tenere
595 2047 698 2111 metas
715 2063 787 2110 cnm
803 2043 965 2128 Episcopo
980 2041 1201 2126 Zagrabiensi,

14 2185 18 2232 ,
89 2146 192 2216 deinde
207 2171 283 2218 vero
299 2152 438 2219 tendens
455 2171 513 2237 per
529 2151 665 2219 eandem
684 2170 804 2235 aquam
823 2147 965 2218 chasma
981 2154 1131 2236 pervenit
1157 2155 1200 2219 ad

87 2255 217 2324 arborem
233 2259 333 2347 pomi,
349 2258 409 2324 sub
425 2278 490 2344 qna
507 2268 556 2326 est
572 2267 659 2326 meta
675 2264 791 2344 terrea,
808 2257 884 2323 inde
902 2273 978 2324 vero
996 2259 1202 2342 protenditur
1308 2307 1313 2316 ·

88 2362 123 2429 ad
136 2364 247 2452 locum,
264 2367 321 2434 ubi
339 2374 388 2434 est
405 2387 493 2451 aqna
510 2367 671 2452 Ohnrnuc,
689 2376 721 2434 et
738 2386 826 2449 aqua
841 2367 901 2432 iila
916 2365 1129 2450 progrediens
1147 2389 1200 2437 su·

87 2473 182 2555 perias
197 2476 240 2543 ad
275 2477 382 2542 locum
406 2473 463 2542 nbi
494 2481 625 2561 propter
656 2475 893 2542 inundaciones
926 2494 1084 2560 aquarum
1115 2486 1202 2549 meta

86 2586 179 2649 terrea
193 2582 262 2650 fieri
281 2603 346 2650 non
363 2589 482 2669 potest,
499 2582 557 2650 sed
574 2589 623 2650 est
639 2582 734 2650 arbor
750 2601 847 2650 cruce
863 2583 1008 2668 signata,
1026 2603 1088 2666 que
1105 2587 1202 2655 arbor

86 2687 155 2755 tarsa
169 2690 297 2775 dicitur,
315 2697 346 2757 et
362 2689 407 2756 ibi
424 2689 541 2776 incipit
556 2694 666 2759 tenere
682 2699 786 2757 metas
797 2709 869 2756 cum
879 2690 1008 2776 populis
1020 2689 1199 2780 Obesmice,

85 2795 200 2866 denum
215 2817 346 2884 quoque
371 2798 463 2867 iuxta
492 2797 630 2866 eandem
660 2817 779 2882 aquarn
814 2795 963 2864 Cbnrnuc
995 2800 1200 2882 progreditur

85 2904 220 2989 superins
237 2925 351 2973 versus
368 2907 643 2991 septemtrionem,
660 2904 715 2972 ubi
732 2913 782 2972 est
798 2909 886 2971 meta
902 2911 1008 2970 terrea
1024 2903 1084 2970 sub
1101 2907 1198 2994 ulmo,

86 3017 113 3077 et
125 3010 212 3080 iuxta
228 3013 366 3082 eandem
383 3033 503 3097 aquarn
520 3013 625 3081 tendit
641 3013 684 3080 ad
702 3016 861 3100 arborem,
897 3032 959 3096 que
975 3011 1093 3079 dicitur
1123 3036 1199 3100 gur·

85 3121 174 3204 mnia,
191 3121 251 3188 snb
268 3141 335 3204 qua
350 3124 400 3189 est
415 3127 503 3189 meta
519 3129 634 3208 terrea,
648 3126 680 3189 et
696 3120 742 3187 ibi
757 3119 872 3204 incipit
887 3126 991 3188 metas
1006 3113 1197 3192 tenerorum

22 3276 27 3284 .
85 3227 231 3312 Dyonisio
247 3228 350 3296 Banc.
375 3228 503 3297 Deinde
519 3249 595 3297 vero
613 3228 747 3296 vertitur
761 3228 804 3295 ad
821 3229 976 3294 orientem
993 3247 1050 3312 per
1060 3230 1197 3301 eandem

83 3355 190 3420 aquarn
206 3335 369 3422 Obnrnuo,
402 3338 443 3405 de
459 3358 524 3422 qua
540 3337 644 3406 tendit
661 3357 763 3422 usque
780 3336 823 3406 ad
837 3356 957 3420 aquam
986 3336 1125 3426 bissina,
1158 3339 1199 3409 de

84 3463 140 3526 qna
154 3446 257 3514 eciam
280 3445 447 3514 transiens
461 3447 610 3534 pervenit
625 3443 668 3513 ad
685 3453 835 3530 campum
851 3445 907 3511 ubi
923 3449 973 3511 est
988 3449 1074 3513 meta
1093 3451 1199 3515 terrea

83 3555 134 3622 snb
149 3553 264 3623 arbore
281 3552 443 3640 gedania,
460 3553 537 3622 inde
553 3572 629 3620 rero
646 3551 753 3620 tendit
767 3570 879 3619 versus
897 3551 1063 3622 meridiem
1080 3552 1124 3620 ad
1134 3575 1198 3624 ma-

81 3679 170 3743 gnam
185 3661 287 3747 riam,
319 3680 384 3748 que
397 3659 489 3730 radit
505 3679 563 3747 per
579 3670 683 3730 metae
698 3665 823 3729 terreas
839 3675 952 3728 versus
968 3661 1126 3728 orientem
1154 3665 1197 3732 ad

81 3772 139 3837 tres
153 3770 268 3855 tylias,
284 3771 345 3837 snb
362 3769 479 3853 quibus
496 3774 573 3837 sunt
590 3775 673 3836 mete
689 3773 803 3854 terrae,
821 3775 853 3835 et
875 3767 920 3835 ibi
946 3766 1060 3854 incipit
1085 3775 1198 3838 tenere

82 3885 177 3946 metas
192 3879 261 3946 iilic
277 3875 417 3945 Woinob
431 3877 524 3962 Boni,
540 3884 574 3945 et
589 3877 632 3944 de
648 3875 722 3962 ipsa
737 3877 792 3944 via
802 3874 893 3942 vadit
905 3894 1017 3944 versus
1028 3875 1196 3946 meridiem

80 3980 117 4050 ud
130 4003 289 4073 campum,
306 3984 361 4054 ubi
377 3992 454 4053 sunt
470 3982 534 4053 due
550 3989 633 4054 mete
650 3992 765 4071 terroe,
783 3990 815 4050 et
831 3982 872 4050 de
886 3981 955 4050 illis
966 3981 1090 4049 duabus
1103 3985 1197 4052 metio

80 4093 277 4174 pervenitad
293 4100 391 4179 caput
408 4093 558 4178 Ribinac,
575 4092 699 4160 scilieet
715 4090 758 4159 ad
774 4091 914 4178 priorem
931 4097 1062 4176 metam,
1079 4096 1193 4159 tenens

78 4218 140 4266 cnm
154 4200 302 4287 predicto
316 4200 385 4268 filio
402 4201 550 4286 Woincb,
567 4200 678 4286 ibique
694 4201 895 4268 terminatur.
919 4194 963 4262 Ut
979 4196 1082 4280 igitur
1099 4199 1158 4266 bec
1176 4221 1196 4267 a

79 4305 165 4374 nobis
179 4308 270 4376 iacta
285 4306 425 4376 donacio
441 4310 539 4376 robur
555 4315 745 4394 perpetuum
755 4305 912 4391 obtineat,
927 4307 1110 4390 presentem
1121 4326 1196 4374 con·

78 4414 224 4484 cessimus
242 4416 398 4502 paginam
414 4422 582 4484 caractere
597 4415 686 4484 bnlie
702 4421 812 4482 nostre
829 4430 927 4480 auree
955 4411 1199 4480 communitam?

78 4517 188 4588 Datum
205 4541 264 4608 per
280 4543 396 4594 manus
413 4523 524 4590 dilecti
540 4531 573 4590 et
589 4523 696 4591 fidelis
715 4521 816 4590 nostri
841 4518 990 4604 Magistri
1016 4519 1196 4608 Benedicti,

76 4625 250 4697 Reverendi
265 4629 511 4720 Arobiepiscopi
530 4628 719 4700 colocensis
736 4634 768 4698 et
779 4629 863 4699 Aule
873 4635 981 4698 nostre
992 4626 1197 4700 Oaneeliarii.

988 4757 991 4762 ·
1026 4735 1089 4827 22¹*v
