3184 5186
828 237 986 338 Qe—

345 432 509 519 pisoatura
526 434 729 516 subsequens
744 431 777 498 in
796 431 909 499 eodem
926 439 1044 516 stagno
1075 430 1255 500 cessissent
1285 437 1320 503 in
1351 437 1460 520 porcio-

343 559 416 632 nem
432 538 529 605 Stena
545 544 578 606 et
593 537 753 627 Gregorij,
770 539 898 607 residue
915 559 991 608 vero
1007 539 1171 626 piscatura
1186 541 1220 606 in
1231 543 1463 626 eademstagno

345 648 579 714 remansissent
594 645 761 732 Stephano
777 667 850 713 cum
881 645 1035 714 fratribus
1067 648 1145 715 suis.
1187 649 1269 714 Item
1302 649 1462 736 piscatura

343 755 479 838 Aehaga
495 759 683 838 nuncupata
698 756 908 824 remansisset
924 757 1021 823 Stena
1037 776 1109 822 cum
1125 756 1228 823 fratre
1244 759 1326 824 suos
1337 759 1391 824 Da
1406 763 1464 824 sta-

345 883 409 946 gno
426 882 504 930 vero
520 859 609 944 quod
625 859 796 928 Selmckus
814 869 959 948 vocatur,
992 863 1101 930 taliter
1117 861 1268 930 dixerunt
1291 862 1466 950 ordinasse,

345 968 434 1054 quod
449 969 610 1035 communi
627 971 807 1055 piscacioni
839 970 1039 1057 subiacebit;
1061 971 1110 1037 ita
1141 979 1260 1056 tamen,
1292 970 1383 1057 quod
1412 968 1468 1036 dua

345 1085 462 1164 partes
479 1085 655 1162 prouentus
672 1077 816 1144 eiusdem
833 1080 946 1162 stagni
962 1079 1060 1147 Stena
1091 1085 1124 1144 ct
1155 1079 1313 1163 Gregorio
1346 1080 1472 1162 aedunt,

345 1181 475 1251 residue
490 1204 566 1251 vero
583 1192 647 1251 tres
663 1191 773 1270 partes
794 1186 959 1270 Stephano
984 1193 1017 1252 et
1047 1185 1200 1254 fratribus
1230 1187 1300 1254 suis
1331 1207 1473 1253 remane·
1542 1205 1546 1209 ·

346 1293 435 1358 bunt.
458 1293 541 1359 Item
557 1293 593 1359 in
609 1301 726 1378 stagno
742 1293 880 1360 Labuan
897 1299 1013 1361 vocato
1028 1296 1194 1380 piscatura
1224 1315 1298 1379 vna,
1323 1294 1475 1362 videlieet

349 1401 486 1486 oryzae
500 1403 610 1468 iacens
627 1422 648 1467 a
665 1409 760 1486 parte
775 1402 978 1486 occidentali,
1008 1403 1162 1470 cessisset
1177 1402 1347 1489 Stephano
1362 1408 1396 1468 et
1415 1401 1474 1469 fra-

349 1506 451 1576 tribus
468 1507 546 1595 suis,
564 1507 631 1576 alia
646 1529 723 1576 vero
738 1509 904 1593 piscatura
919 1530 941 1575 a
956 1517 1048 1594 parta
1072 1509 1226 1577 orientali
1257 1511 1414 1578 cessisset
1444 1511 1475 1576 in

350 1622 475 1699 partam
490 1615 590 1682 Stena
605 1623 638 1684 ct
653 1616 763 1683 fratris
779 1619 839 1682 sui.
864 1617 945 1684 Item
962 1618 1130 1703 piscatura
1143 1616 1272 1684 nomina
1283 1617 1474 1703 Wynessew

352 1741 425 1788 aum
441 1724 520 1807 lapa
536 1734 567 1788 ct
584 1744 656 1790 oum
675 1725 840 1811 piscatura
856 1724 979 1808 Sublug
1011 1724 1140 1791 nomine
1173 1731 1205 1790 et
1235 1724 1383 1812 durusta,
1416 1745 1475 1808 que

349 1831 435 1897 iacet
450 1830 512 1897 sub
528 1829 662 1898 durusta
685 1831 833 1916 Magistri
848 1825 993 1918 Athyan,
1024 1831 1101 1899 item
1117 1831 1178 1898 sub
1195 1831 1345 1920 Dudrag,
1370 1833 1476 1898 Adam

347 1959 438 2024 scay,
464 1933 613 2006 Borsatr'v
629 1945 662 2006 ct
677 1939 850 2024 Ernemlyc
866 1945 1043 2026 cessarunt,
1060 1941 1094 2008 in
1108 1946 1234 2025 partam
1250 1941 1352 2006 Stena
1367 1945 1401 2007 at
1415 1941 1476 2006 fra-

347 2045 491 2130 tristani,
508 2047 636 2116 residue
652 2068 729 2115 varo
746 2049 924 2132 piscatura,
940 2047 1093 2114 videlicet
1104 2050 1288 2135 Tauznazy,
1305 2047 1476 2133 Kukcnus,

345 2155 488 2242 Allozeg,
515 2156 710 2242 Sebesnezy,
725 2156 895 2244 Zygnadd,
911 2155 1038 2244 Toutw,
1057 2157 1201 2236 Amison,
1216 2155 1357 2242 Buruch,
1389 2156 1475 2222 Dud-

347 2282 421 2348 vag,
437 2262 550 2349 Fallit,
568 2263 757 2351 Alexandri,
775 2264 924 2353 Megalia,
941 2265 1150 2352 Feldurusta,
1167 2267 1321 2348 Durusta,
1331 2261 1476 2349 Athyani

346 2369 506 2454 Magistri,
539 2392 650 2440 omnes
678 2374 740 2438 ista
756 2373 920 2457 piscature
936 2382 1105 2440 cessarunt
1119 2374 1154 2440 in
1170 2378 1296 2458 partam
1312 2372 1474 2457 Stephani

346 2483 378 2542 at
394 2478 531 2544 fratrum
548 2499 689 2547 suorum.
712 2483 792 2548 Item
807 2481 950 2549 Fallelea
977 2483 1076 2550 cessit
1107 2480 1211 2548 eidam
1242 2481 1412 2566 Stephano
1444 2489 1476 2546 ct

347 2563 501 2652 tratribus
518 2588 604 2672 suis;
632 2589 767 2657 inferior
785 2610 860 2657 vero
876 2590 974 2656 Lelez
990 2592 1089 2658 cessit
1105 2589 1138 2656 in
1154 2595 1281 2675 partem
1307 2589 1410 2656 Stena
1443 2597 1476 2655 at

344 2693 506 2779 Gregorij.
548 2698 630 2763 Item
645 2698 731 2764 idem
748 2700 845 2766 Stena
861 2699 1038 2785 Stephano,
1054 2697 1231 2766 Benedicta
1247 2704 1281 2765 at
1296 2699 1475 2766 Oltumano

345 2802 501 2870 fratribus
527 2805 594 2870 suis
612 2807 725 2874 statuit
740 2806 799 2873 hos
816 2827 929 2874 seruos
947 2831 956 2873 ε
972 2808 1098 2876 Buhtus
1114 2807 1218 2872 filium
1234 2807 1357 2893 Masha,
1390 2806 1473 2872 duas

344 2909 482 2978 ancillas
500 2913 651 2982 videlicet
668 2915 760 3000 Chup
777 2924 809 2983 et
836 2917 983 3003 Moguya
1012 2915 1047 2981 in
1078 2913 1303 2981 concambium
1337 2914 1474 2979 duorum

344 3039 510 3086 seruorum
527 3021 614 3088 Boeh
631 3031 664 3088 et
678 3021 822 3089 Benedie
838 3031 1108 3111 nuncupatorum,
1140 3043 1221 3109 quos
1252 3022 1338 3089 idam
1372 3020 1473 3087 Stena

343 3128 451 3194 sibiet
466 3128 558 3195 fratri
575 3151 633 3197 suo
650 3132 841 3198 reseruauit.
859 3135 940 3200 Item
957 3132 1072 3200 statuit
1087 3131 1253 3197 libertinos
1270 3127 1396 3197 eisdem
1405 3129 1475 3196 Ste-

342 3234 451 3319 phano
468 3243 501 3300 at
515 3235 604 3304 fratri
612 3239 668 3307 bus
684 3241 751 3308 suis
767 3239 866 3324 Mogh
882 3250 915 3306 et
929 3241 1033 3306 filium
1050 3239 1206 3322 ciusdem,
1239 3237 1408 3304 Simonem
1442 3249 1475 3303 et

343 3341 534 3426 Gregorium
547 3346 680 3412 fratrem
692 3346 845 3431 ciusdem,
863 3347 947 3416 filios
958 3346 1118 3433 Penthuk,
1135 3345 1303 3431 Scerdam,
1315 3342 1475 3411 Thomam

341 3449 426 3516 filios
442 3453 538 3534 Kese,
558 3454 634 3520 item
654 3456 764 3537 Bugus
781 3476 852 3522 oum
868 3457 970 3522 tribus
988 3454 1158 3539 filijssuis,
1191 3452 1343 3520 videlicet
1360 3453 1470 3538 Petro,
1590 3525 1591 3528 Ἴ

341 3560 441 3625 Paulo
458 3567 489 3624 ot
504 3561 689 3646 Stephano;
712 3562 791 3630 itam
808 3563 936 3630 Marcus
952 3570 984 3630 et
998 3564 1117 3630 Pousa.
1157 3563 1184 3628 E
1200 3581 1357 3628 conuerso
1389 3579 1469 3625 vcro

340 3665 426 3730 idem
444 3665 629 3755 Stephanus
645 3669 743 3736 Stena
759 3677 792 3737 at
808 3669 966 3754 Gregorio
982 3671 1137 3737 fratribus
1154 3671 1222 3737 suis
1240 3670 1355 3735 statuit
1387 3669 1471 3734 duos

341 3792 462 3860 seruos,
480 3773 569 3840 Buch
586 3776 738 3844 videlieet
755 3785 788 3843 et
804 3777 1013 3844 Benedictum
1030 3778 1290 3863 prenominatos5
1315 3778 1394 3841 item
1410 3777 1471 3843 hos

332 3870 511 3949 'libertinos
528 3885 641 3950 statuit
657 3886 778 3952 eisdam
797 3911 804 3949 :
823 3887 966 3954 Thekws
997 3909 1070 3954 oum
1100 3887 1166 3954 filio
1196 3907 1255 3952 suo
1285 3887 1473 3972 Dominico,

339 3990 489 4056 Thukcm
506 4010 576 4056 eum
594 3991 660 4057 filio
678 4013 738 4060 suo
754 3993 917 4078 Jouanka,
949 3997 1087 4062 Saantus
1105 4014 1176 4062 cum
1191 3995 1258 4059 filio
1275 4013 1336 4060 suo
1362 3995 1470 4062 Thea·

342 4099 421 4165 doro
439 4111 636 4184 nuncupato.
672 4101 714 4165 Vt
729 4100 829 4184 igitur
845 4101 939 4169 huius
956 4103 1129 4169 diuisionis
1146 4100 1248 4168 series
1265 4103 1300 4165 in
1316 4102 1474 4169 omnibus

341 4207 536 4293 supradictis
555 4209 652 4274 robur
667 4217 824 4296 perpetua
841 4209 1004 4277 firmitatis
1021 4212 1176 4297 optineat,
1195 4215 1366 4294 presentes
1384 4212 1474 4275 litte-

341 4335 395 4380 ras
411 4313 591 4400 tripartitae
608 4315 650 4381 ad
668 4317 862 4401 peticionem
879 4317 1044 4404 vtriusque
1061 4321 1161 4403 partis
1176 4317 1325 4382 inclinati
1342 4336 1473 4385 conces

341 4423 443 4489 simus
458 4421 558 4489 Stena
574 4429 606 4488 et
620 4423 786 4509 Stephano
803 4447 841 4492 ac
857 4427 1031 4493 eorundem
1059 4425 1213 4492 fratribus
1244 4424 1309 4490 iam
1344 4424 1471 4508 pluries

342 4528 525 4595 nominatis.
558 4532 653 4598 Anno
670 4532 800 4600 Domini
820 4534 988 4602 millesimo
1005 4535 1227 4602 ducentesimo
1245 4531 1327 4598 LX⁰
1354 4533 1489 4618 primo.¹
