3182 5200
14 1319 16 1446 i
94 1365 140 1431 rr.
155 1365 263 1432 snare
278 1365 458 1452 surruptae
468 1367 715 1454 prestetuna,
730 1367 878 1452 rutupina
906 1367 969 1432 m.
998 1365 1082 1432 sesa
1107 1365 1219 1451 risun

14 1487 16 1578 ,
97 1476 221 1540 1193-le'
230 1475 481 1564 priuilepiumdt
496 1474 685 1560 moperliaiti,
701 1473 896 1562 Fronyepe'n
921 1473 1032 1542 Guido
1058 1477 1218 1540 szdrnn‘ra.

14 1595 16 1632 ὲ
610 1581 705 1648 1209.

14 1857 15 1862 ¹
192 1779 230 1845 lu
261 1779 398 1848 uomina
429 1779 548 1846 Sauete
578 1777 749 1846 Trinitatis
789 1784 821 1846 et
851 1775 1026 1846 Indiuidue
1063 1775 1218 1844 Vnitatis.

13 1865 16 2000 ,⁵
97 1885 236 1954 Andreas
252 1885 319 1954 Dei
338 1887 451 1972 gracia
466 1887 646 1973 Huugarie,
661 1885 843 1972 Dalmaeie,
860 1885 1006 1973 Croaeie,
1023 1887 1123 1954 Rame
1148 1885 1219 1951 Ser-

13 2005 15 2028 ¹
101 1995 209 2078 sieque
225 1995 298 2061 Rex
315 1994 349 2059 iu
367 2002 569 2081 perpetuum.
593 1992 695 2077 Regio
711 1991 909 2060 Sublimitali
925 1989 1070 2078 interest,
1085 1997 1118 2058 et
1133 1991 1221 2076 equi·

13 2031 18 2232 ὲ
101 2109 146 2169 las
160 2101 279 2169 suadet
294 2103 467 2188 naturalis,
482 2109 518 2169 ut
533 2102 589 2187 qni
605 2119 666 2170 sua
681 2107 805 2169 statuta
830 2121 852 2168 a
882 2100 950 2169 suis
981 2100 1222 2168 suecessoribus

13 2233 17 2264 ι
103 2209 242 2278 omnibns
260 2211 431 2279 desiderat
447 2211 623 2298 obseruari,
638 2211 711 2297 ipae
726 2229 855 2296 qnoque
870 2231 1002 2278 suorum
1022 2209 1223 2294 predecesso-

13 2389 15 2422 Ι
100 2339 163 2385 rum
177 2321 374 2389 sauoeiones
388 2319 462 2406 pari
486 2319 665 2388 stabilitate
689 2319 819 2387 studeat
844 2319 1034 2404 obseruare,
1064 2324 1100 2385 ut
1130 2319 1223 2384 nulla

13 2467 15 2486 ι
99 2435 249 2496 uemslate
267 2427 502 2516 dissoluantur,
520 2447 584 2512 que
600 2428 847 2496 sueoedeueium
862 2427 926 2495 sibi
941 2427 1066 2511 Regum
1084 2425 1221 2494 auetori·

99 2543 144 2601 tna
159 2537 227 2620 pari
246 2536 428 2604 stabilitate
444 2535 587 2605 decreuit
603 2537 765 2605 roborare.
804 2534 909 2614 Quum
925 2535 1023 2620 igitur
1040 2533 1160 2601 Diuiue
1176 2554 1222 2600 re·

100 2644 298 2710 eordaoionis
314 2651 409 2730 pater
424 2649 535 2711 noster
548 2645 630 2712 Bela
646 2645 716 2712 Rex
733 2644 822 2712 lideli
838 2649 960 2730 nostro,
992 2641 1222 2709 Bartholomeo

101 2747 208 2818 domiti
223 2760 349 2820 terram
365 2752 399 2818 iu
415 2753 542 2819 Bauatu
558 2753 617 2820 tali
632 2751 786 2821 libertate
811 2751 947 2820 eontulit
972 2749 1217 2839 possidendam,

101 2862 225 2947 utearu,
242 2859 272 2928 si
302 2859 370 2926 lilio
396 2858 549 2948 caruerit,
574 2861 765 2944 unicumque
797 2860 838 2928 de
868 2857 1123 2946 consangnineis
1155 2857 1223 2924 sois

101 2965 237 3053 uoluerit,
255 2975 335 3052 post
351 2987 387 3035 se
402 2966 505 3053 possit
529 2967 713 3053 relinquere
743 2967 994 3055 possidendam
1019 2986 1078 3034 uos
1110 2963 1224 3031 eadem

103 3071 245 3141 libertate
260 3073 329 3141 sibi
346 3073 584 3163 confirmantes,
602 3083 635 3142 et
651 3076 786 3163 petitum
805 3076 907 3162 ipsios
925 3075 1098 3160 benignius
1107 3071 1226 3139 admitss

102 3185 207 3268 tentes,
223 3182 338 3270 nepoti
354 3202 414 3250 sno
430 3183 548 3252 Oomili
565 3183 707 3254 (luidoni
723 3183 764 3250 de
781 3184 909 3271 Wegla,
941 3201 1036 3267 quern
1053 3181 1116 3250 sibi
1133 3181 1225 3246 here·

12 3319 14 3334 =
104 3287 168 3356 deur
183 3289 338 3378 instituit,
355 3309 524 3377 eoneessa,
540 3298 575 3358 ut
590 3291 618 3360 si
635 3292 740 3378 ipsum
758 3290 905 3380 prediolo
921 3289 1148 3357 Bartholomeo
1166 3284 1223 3353 Oo-

12 3387 14 3484 j
104 3397 175 3466 uite
189 3405 309 3484 patruo
324 3417 385 3465 sno
401 3398 611 3484 supersidere
628 3399 832 3486 oonlingerit,
850 3399 906 3465 illo
922 3398 995 3466 sine
1022 3395 1141 3464 berede
1171 3394 1225 3461 de-

12 3485 17 3590 l
108 3504 246 3592 sedente,
263 3513 384 3573 terram
401 3527 496 3592 qnam
515 3527 554 3577 ex
570 3505 687 3594 Regali
704 3509 858 3576 benefitio
874 3506 960 3574 idem
980 3503 1226 3573 Bartholomeus

12 3601 14 3720 ἐ
106 3622 259 3681 uouerat
275 3613 432 3700 obtinere,
448 3615 518 3702 ipse
533 3614 641 3684 (luido
657 3615 771 3685 eodem
787 3615 858 3684 iure
874 3620 1029 3702 perpetuo
1045 3613 1223 3700 possideat.

12 3721 15 3754 l
106 3717 265 3788 litantem
282 3729 394 3791 nostre
411 3723 667 3793 confirmacionis
681 3727 787 3793 series
804 3723 967 3811 prelibata
990 3730 1146 3810 perpetuo
1177 3719 1226 3787 lir-

107 3826 222 3896 ruitatis
237 3831 338 3897 robur
353 3830 508 3916 obtineat,
524 3833 668 3918 presenti
693 3833 817 3920 pagina
848 3831 891 3898 ad
923 3830 1078 3900 uotieiam
1109 3827 1227 3895 dednei

12 4015 14 4024 Ι
110 3937 313 4023 posteritatis,
330 3945 363 4005 et
378 3939 479 4024 Regia
504 3941 709 4009 auctoritatis
741 3940 852 4025 sigillo
884 3940 1039 4007 iussimus
1070 3938 1225 4006 roborari.

12 4025 14 4044 '
108 4039 218 4110 llalurn
235 4064 295 4132 per
311 4067 425 4114 manus
441 4049 572 4118 Roberli
588 4049 669 4116 Aule
685 4056 797 4116 nostre
813 4045 1011 4133 Ganoellarij
1023 4065 1108 4114 anno
1118 4042 1228 4112 Domi·

12 4167 14 4196 ³
108 4149 173 4218 uice
188 4153 434 4224 lnearuaeiouis
450 4154 570 4224 141000ο
585 4176 683 4228 nono.
717 4154 906 4224 Venerabili
936 4153 1089 4222 lohanne
1118 4151 1229 4220 Arehi·

12 4273 14 4354 ι
112 4257 264 4346 episeopo,
294 4263 485 4334 Reuerendo
501 4265 655 4335 Bertoldo
671 4264 839 4334 Colooeusi
856 4265 967 4331 ltleoto
998 4262 1224 4349 existentibus,

12 4405 14 4418 ι
110 4363 224 4436 Calauo
240 4369 593 4456 Quiuqneeoolesiensi,
609 4375 761 4443 Boleslso
777 4373 956 4461 Waeiensi,
969 4373 1119 4461 Katpauo
1129 4371 1223 4456 Agri·

111 4475 184 4562 ensi,
200 4476 333 4547 Simone
350 4481 571 4571 Waradieusi,
603 4483 774 4551 Desiderio
791 4479 1026 4568 Chanadleusi,
1058 4479 1229 4549 Willormo

114 4577 334 4677 transiluano,
367 4590 539 4659 liuthardo
569 4591 796 4676 Zagrabieusi,
826 4590 923 4659 Petro
939 4587 1104 4656 lauriensi
1120 4589 1230 4656 lleele·

112 4688 173 4759 sias
187 4691 251 4763 Dei
266 4695 405 4768 lelleiter
421 4701 678 4788 gubernantibus
692 4724 701 4785 ;
717 4699 800 4768 Pollr
817 4697 1020 4768 Musuuieusi
1035 4705 1069 4764 et
1078 4692 1230 4764 Palatino

115 4795 240 4892 conire,
271 4805 423 4879 Buteone
453 4809 557 4900 Bane,
589 4809 767 4880 Beuedleto
798 4803 969 4898 Woynoda
999 4805 1227 4896 existentibus,
1455 4851 1543 4867 Q.
