3182 5200
639 405 681 478 75

578 501 738 516 b-——n—fl-u-e-—u

7 653 8 656 =
102 615 130 678 et
145 609 386 696 quibuscunque
404 573 598 678 veltetdare
609 610 661 676 rel
679 609 817 678 vendero
834 617 953 696 posset.
971 609 1124 679 Predieta
1141 631 1218 681 uero

100 727 182 787 terra
198 719 259 787 tuit
275 717 446 786 cuiusdam
470 717 610 785 bominis
634 717 808 787 heredibus
833 720 963 787 omniuo
988 720 1139 805 carentis,
1163 724 1219 806 qui
1288 767 1293 777 -

7 887 8 892 ,
99 826 463 909 uocabaturYerosa;et
474 847 571 912 quum
588 825 704 893 talium
721 827 927 913 hereditates,
945 829 1032 895 omni
1050 850 1109 916 spe
1125 830 1220 897 sobo·

7 921 8 924 ¹
100 935 138 1004 lis
158 937 372 1024 privatorum,
391 935 434 1002 ed
457 936 508 1003 ius
532 936 681 1002 Duoatus
700 934 832 1004 devolvi
856 936 986 1024 debent,
1011 937 1061 1004 ius
1087 937 1175 1004 idem
1191 939 1224 1006 in

7 1027 9 1130 ζ
99 1021 324 1132 proprietatem
348 1043 489 1132 predicti
513 1044 635 1111 Barant
659 1045 804 1113 totaliter
825 1044 1006 1113 refudimus
1030 1066 1103 1114 oum
1127 1053 1220 1115 tran-

7 1233 9 1254 ,
97 1154 241 1239 quititate
255 1152 348 1238 pacis
372 1151 640 1239 perpetuandum.
668 1152 734 1220 Sed
761 1153 913 1236 quoniam
938 1154 1113 1223 oblivionis
1129 1160 1220 1223 ortus

7 1269 9 1320 t
98 1269 143 1327 est
157 1262 312 1328 memorie
337 1257 503 1346 deffectus,
520 1283 561 1328 ne
578 1261 674 1330 huius
690 1261 794 1327 nostri
812 1260 891 1327 iacti
915 1261 1016 1330 series
1039 1261 1217 1330 dilabentis

7 1387 10 1464 ἐ
97 1367 143 1436 eui
157 1367 248 1436 fluxu
266 1369 456 1456 pervarias
473 1377 504 1437 et
520 1369 725 1436 successivas
741 1367 909 1437 bominum
933 1370 1143 1457 posteritates
1160 1365 1215 1436 en·

7 1467 9 1534 ἶ
96 1498 169 1546 nosa
185 1479 360 1546 uetustatis
375 1476 515 1563 iuligine
527 1477 674 1564 deliteat,
686 1477 805 1545 litteris
823 1475 1041 1546 commendari
1059 1479 1222 1549 iussimus.

7 1609 9 1644 τ
97 1585 184 1668 Quod
200 1592 315 1652 autem
333 1586 437 1653 maius
454 1587 552 1651 robur
569 1585 727 1672 optineat,
738 1585 783 1652 ad
795 1586 915 1656 tenoris
931 1587 983 1655 sui
994 1593 1114 1656 statum
1130 1587 1220 1672 sigit-

7 1703 10 1768 ξ
95 1692 223 1761 linostri
235 1691 453 1776 impressione
471 1689 751 1760 communivimus.
769 1691 910 1760 Nomina
921 1713 998 1776 reru
1006 1677 1220 1780 jobagionum

7 1791 9 1808 ³
96 1801 146 1884 qui
161 1799 237 1868 huic
255 1805 369 1866 nostre
387 1800 589 1868 institucioni
601 1801 817 1888 interfuerint,
836 1809 868 1869 et
885 1801 925 1869 do
941 1803 1055 1868 eadem
1074 1803 1218 1868 testimo·

96 1907 177 1974 nium
193 1906 372 1994 perhibent
388 1905 447 1973 hec
463 1915 539 1974 eunt
566 1931 573 1972 :
609 1909 685 1992 Mog
700 1907 827 1993 Comes,
843 1908 1001 1976 Nicotaus
1017 1909 1137 1995 Bauer,
1155 1909 1220 1975 Do·

95 2016 225 2083 minione
254 2014 487 2098 Zagrabiensis
511 2015 704 2104 Episcopus,
721 2015 878 2082 Nicotaus
894 2015 1090 2086 Zedertinus
1108 2015 1218 2084 Archi·

96 2123 221 2212 electus,
249 2125 314 2191 Ato
330 2124 455 2210 Comes,
481 2123 599 2192 Oristol
617 2125 740 2211 Comes,
767 2123 894 2192 Orasun
911 2126 1038 2212 (tomes,
1071 2126 1145 2212 Isep
1163 2127 1221 2192 Oo-

97 2251 168 2318 nes,
183 2233 308 2299 Cersen
326 2227 441 2299 Comes
454 2239 487 2298 et
498 2232 598 2300 ueteri
614 2233 806 2320 complures.
823 2233 893 2301 Hoc
908 2241 1016 2303 antem
1034 2235 1155 2301 suetum
1167 2240 1218 2301 ost

98 2361 175 2407 anno
199 2339 447 2408 incarnacionis
464 2340 634 2408 Dominice
651 2341 746 2409 Mus.
762 2361 873 2410 mense
890 2341 1030 2429 Octobri,
1041 2341 1221 2410 indiccione

97 2455 213 2534 quarte,
232 2449 348 2532 quinto
366 2447 491 2517 decimo
509 2447 562 2515 die
579 2449 723 2516 eiusdem
735 2450 864 2518 mensis.
882 2452 966 2518 Mete
981 2458 1088 2519 autem
1107 2472 1217 2537 supra·

97 2555 174 2622 dicte
189 2564 280 2622 terre
296 2555 338 2624 be
354 2562 429 2624 sunt
451 2581 458 2622 ε
484 2575 524 2624 ex
540 2577 607 2624 una
622 2564 713 2643 parte
736 2559 843 2642 tangit
858 2558 986 2645 fluuius,
1003 2559 1059 2644 qui
1080 2565 1215 2628 vocetur

97 2662 204 2750 Dulus,
222 2683 266 2730 ex
283 2662 351 2729 alia
367 2671 461 2750 parte
486 2665 740 2732 conterminetur
758 2664 836 2733 ville
851 2667 929 2734 Pete
945 2673 977 2735 et
996 2669 1084 2754 Veto,
1111 2667 1212 2735 tercie

97 2789 167 2838 uero
194 2792 236 2837 cx
272 2779 367 2857 parte
383 2773 637 2842 conterminatur
653 2773 696 2840 ad
712 2775 876 2859 antiquam
893 2776 1016 2859 regiam
1033 2781 1168 2843 stratum
1184 2783 1216 2842 et

97 2879 298 2962 protenditur
315 2897 417 2963 usque
433 2880 474 2946 ud
490 2889 623 2967 pontem
640 2890 673 2948 et
706 2882 824 2950 ibidem
858 2882 1059 2950 terminatur.
1100 2881 1221 2950 Datum

97 3006 150 3070 per
171 3007 289 3055 manus
306 2986 420 3054 Jacobi
445 2989 615 3074 Propositi,
646 2991 795 3074 Magistri
812 2992 957 3062 eiusdem
975 2991 1073 3060 Ducis
1090 2996 1122 3058 et
1138 2991 1220 3060 Cun-

98 3093 227 3162 cellarii.

191 3293 354 3360 (Thetonion,
374 3297 498 3349 Menum.
520 3299 585 3350 hist.
604 3299 696 3364 Epire.
716 3299 911 3366 Zegrebiensis
929 3302 951 3352 1.
971 3302 1029 3353 ket.
1051 3307 1074 3353 9.
1094 3301 1124 3369 l.)

523 3625 790 3639 -ψ-ι-
