3116 5178
549 365 723 468 Ao...

1 622 2 627 ,
69 584 141 632 rem
157 561 373 649 gumulcheu3
397 559 515 629 exinde
530 561 596 628 itur
612 559 657 627 ud
688 559 771 628 dues
802 577 932 645 pomos;
956 563 1068 642 postea
1099 555 1223 624 cendio.

70 671 115 738 ad
133 678 262 759 portum
278 667 368 754 fluuij
386 668 541 751 Scortum
565 665 644 735 iude
667 665 759 736 uadit
789 663 832 733 ad
863 685 1016 750 magnum
1047 663 1219 752 populum

70 797 187 847 uersus
203 775 371 844 meridiem
385 799 394 862 ;
410 773 486 844 inde
502 774 707 860 protenditur
722 783 755 842 et
770 773 956 842 interiorem
972 781 1100 858 purtem
1115 773 1223 844 illiue⁴

69 884 137 954 loci
153 886 207 968 qui
224 882 349 951 Ouwsr
364 882 564 966 nominatur,
595 883 707 967 ibique
724 889 808 949 mete
822 881 1045 948 terminantur.
1084 877 1131 947 Ut
1145 880 1205 965 igi·

70 1002 124 1061 tur
140 993 289 1080 hospites
305 994 408 1060 nostri
425 991 467 1061 de
482 992 615 1078 Scyrus
632 983 793 1078 profetam
810 999 931 1059 terram
956 988 1046 1058 Chou
1073 989 1200 1077 possint

72 1110 233 1189 perpetuo
258 1100 395 1188 pacifice
424 1099 603 1188 possidere,
635 1106 802 1186 presentes
834 1097 956 1168 eisdem
989 1099 1140 1168 dedimus
1170 1097 1213 1166 in

73 1209 295 1276 testimouium
312 1209 440 1279 litteras
457 1206 598 1293 duplicis
614 1207 717 1293 sigilli
732 1206 834 1276 nostri
859 1208 1035 1276 munimine
1068 1206 1212 1312 rolucus·-

72 1322 135 1384 tes.
161 1317 283 1383 Datum
299 1336 387 1384 auno
403 1315 536 1382 Domini
551 1315 722 1384 millesimo
754 1314 975 1384 ducentesimo
1007 1315 1210 1401 quinquege-

74 1422 160 1491 simo
177 1424 300 1511 quinto,
332 1443 420 1491 nouo
434 1421 598 1490 kalendas
612 1424 740 1510 llardj,
770 1423 875 1510 Regni
891 1423 995 1491 nostri
1009 1443 1095 1491 nnnc
1112 1423 1216 1492 rice·-

74 1551 170 1600 sumo.

76 1730 222 1792 &edetis
252 1729 447 1795 uurhsrtysn,
476 1731 598 1796 melyrol
617 1744 634 1781 a
653 1731 747 1782 luettos
764 1731 916 1795 pecsetnek
935 1728 1071 1782 coredeke
1092 1731 1211 1800 htrtys·

77 1823 211 1888 minegen
231 1821 319 1889 stiffi
352 1820 472 1873 sbudei
490 1822 617 1872 ksmsrud
635 1822 821 1876 leveltdrbsn.
854 1823 1010 1873 Tnldltetik
1041 1826 1085 1874 ott
1112 1821 1211 1874 Istvin

1 1916 3 1932 '
74 1911 165 1978 ilisbb
184 1911 337 1977 kirtlynuk
355 1925 422 1962 enen
440 1911 594 1977 edomtnyt
611 1913 780 1979 megeroslttl
811 1913 922 1964 1261·lri
955 1911 1095 1978 olumdnys
1121 1913 1164 1975 is;
1195 1927 1210 1963 s

1 2024 2 2066 p
75 2001 267 2069 ugyunennm
287 2003 399 2054 1505·kl
418 2003 628 2069 omutggyoleu'
646 2004 759 2055 titirets.
779 2003 834 2055 Solu
853 2003 971 2059 mutual
989 2002 1094 2056 kisdue
1113 2002 1207 2068 Fejer·

342 2092 391 2145 nel
410 2091 476 2144 (lod.
495 2093 572 2158 Dipl.
592 2093 640 2146 Π.
660 2094 719 2144 kot.
739 2097 763 2144 2.
784 2097 888 2150 r.,³ll.
907 2095 937 2158 l.)

611 2968 688 3038 est.

2 3196 4 3250 ς
82 3164 140 3230 Ν.
156 3165 440 3252 Belalcc'rdlynuk
456 3167 691 3254 torueuykezesi
707 3165 915 3234 ecabodalmo
934 3193 956 3233 o
980 3163 1118 3256 zdprdbc'
1136 3178 1232 3255 ptis·-

76 3275 149 3358 pdlc
171 3272 276 3339 Vasio
292 3272 419 3341 melletti
433 3274 737 3372 Serui-Moutocdau
753 3273 828 3342 laico
837 3279 929 3362 πέρα·
939 3281 1096 3344 szdma'rn.
1113 3279 1213 3344 1255.

2 3544 3 3554 χ
192 3466 262 3536 Nos
277 3468 358 3535 Belo
371 3466 435 3535 Dei
450 3467 564 3552 gracia
579 3471 649 3536 Rex
664 3469 833 3554 Hungurie
849 3469 1069 3555 significemus
1087 3471 1213 3540 vuiuer·
1311 3493 1312 3496 ¹

5 3661 10 3669 ι
85 3573 132 3642 sis
148 3576 352 3661 presencium
369 3595 428 3661 per
443 3582 597 3664 tenorem,
613 3577 699 3662 quod
715 3579 759 3644 ad
776 3578 1055 3662 supplicaciouem
1081 3600 1228 3647 venera--

2 3712 7 3741 r
84 3681 161 3749 bilis
177 3685 283 3769 patris
298 3682 443 3771 Philippi
459 3684 614 3772 Episcopi
639 3685 871 3769 chuabieusis
904 3684 1010 3754 dilecti
1041 3695 1075 3754 et
1107 3687 1216 3758 fidelis

85 3789 190 3857 uestri
206 3790 425 3859 concessimus
443 3800 475 3860 et
491 3793 676 3880 statuimus,
707 3801 741 3860 vt
752 3794 949 3880 jobugioues
966 3803 999 3863 et
1024 3795 1138 3882 populi
1163 3797 1227 3863 sui

3 3911 6 3956 l
71 3899 183 3990 'iuxta
200 3897 345 3964 Drauam
362 3897 396 3965 in
412 3906 500 3966 terro
515 3899 627 3967 Sancti
641 3900 775 3969 Martini
792 3923 892 3990 prope
911 3902 1024 3973 Vuska
1045 3903 1216 3972 constituti

3 3995 6 4090 i
87 4002 202 4073 eodem
214 4004 292 4088 jure
307 4013 340 4073 et
355 4005 506 4076 libertate
523 3996 716 4076 censeantur
734 4018 765 4078 et
781 4017 922 4096 utuntur,
937 4019 1003 4080 tum
1020 4013 1054 4078 in
1074 4011 1218 4100 ludicijs

3 4139 5 4152 ²
89 4133 187 4199 quem
221 4111 404 4199 inumeris,
438 4134 502 4199 quo
513 4115 589 4200 jure
604 4117 662 4203 ulij
675 4119 874 4204 jobagioues
905 4129 937 4186 et
969 4118 1080 4206 populi
1111 4121 1218 4205 ipsius

88 4219 320 4306 Episcopatus,
347 4225 378 4286 et
392 4221 581 4307 specialiter
597 4224 640 4292 ad
671 4224 785 4294 Vuslra
815 4227 1018 4311 pertinentes
1047 4232 1233 4295 censentur*

89 4325 183 4393 iuxta
200 4325 467 4398 cousuetudinem
483 4332 718 4420 approbatam
743 4355 814 4402 eum
831 4340 864 4400 et
879 4333 934 4401 isti
951 4334 1018 4401 siut
1041 4336 1123 4402 vuiti
1156 4333 1219 4403 eis·

4 4463 5 4538 3
90 4431 182 4517 dem,
213 4437 246 4498 et
275 4432 318 4500 ud
348 4443 471 4504 curtem
511 4440 733 4526 supradictam
766 4441 878 4509 Vasku
908 4444 1102 4529 pertineant,
1133 4441 1218 4510 sieut

4 4543 6 4628 ζ
88 4541 138 4608 illi
154 4538 211 4625 qui
228 4547 304 4607 suut
319 4543 405 4611 vltre
420 4543 488 4614 hos.
523 4548 697 4632 Adiuncto,
728 4550 859 4634 quodsi
877 4549 1020 4636 prelatus
1036 4551 1235 4636 Episcopus

4 4657 6 4742 ᾗ
90 4649 245 4719 remissus
261 4648 359 4718 luerit
375 4652 526 4740 cuiquem
541 4655 583 4726 de
599 4659 722 4728 eisdem
737 4660 771 4727 in
789 4660 919 4728 iusticia
935 4656 1098 4740 faciende,
1114 4657 1234 4726 nouis:
