3160 5208
27 961 29 1022 i

27 1027 30 1098 i

27 1154 29 1166 t

27 1167 29 1188 i

27 1307 29 1358 i

27 1389 29 1426 r

27 1451 30 1496 l

592 893 666 968 llll.

77 1099 115 1163 ll.
131 1097 234 1163 Eudae
249 1097 361 1183 hircily
381 1097 483 1164 Ochus
499 1097 626 1163 bdonuir
652 1098 841 1182 mssauadja
868 1097 1049 1165 Kcsraenr‘cc
1074 1099 1191 1182 helysei-

75 1215 126 1291 pet,
141 1207 246 1290 malpel
261 1207 284 1269 I
285 1205 328 1272 ll.
345 1207 429 1271 Be'la
446 1207 558 1290 icircily
573 1207 681 1271 annaio
698 1207 838 1293 atyju'tdl
854 1208 986 1288 educatu,
1011 1231 1031 1271 a
1057 1206 1193 1294 adprdht'

340 1315 528 1400 epybciaualr
545 1313 794 1398 udomdayozott.
814 1312 907 1377 1221.

167 1510 204 1574 ln
243 1509 378 1576 nomine
408 1511 526 1576 Sancte
568 1507 737 1576 Trinitatis
769 1519 801 1577 ct
831 1509 1002 1577 individue
1036 1508 1187 1576 Unilatis.

76 1613 209 1683 Andreas
239 1617 304 1682 Dei
337 1618 449 1701 gracia
480 1616 656 1702 Hungarie,
689 1615 864 1697 Delmatia,
897 1615 1034 1704 Oroatia,
1075 1618 1190 1702 Rarus,

78 1722 187 1809 Serrie,
218 1725 355 1810 Galitie,
396 1726 650 1811 hodomerieque
691 1727 757 1791 ltux
790 1727 823 1791 in
855 1734 1056 1810 perpetuum.
1090 1725 1190 1806 Regia

74 1828 227 1913 dignitatis
254 1833 415 1900 incumbit
439 1833 557 1918 officio,
576 1841 618 1899 ut
644 1833 762 1900 iliorun
789 1833 974 1919 peticiones,
992 1851 1072 1915 quos
1089 1831 1191 1915 Regni

75 1935 192 2006 utilitati
203 1938 386 2024 honorique
400 1940 503 2024 Regio
519 1941 643 2007 Corone
659 1941 831 2027 pervigiles
848 1948 981 2026 experto
997 1938 1193 2022 cognoverit,

77 2044 204 2133 benignu
215 2046 331 2114 favore
347 2056 571 2133 prosequatur.
589 2048 674 2115 ilinc
692 2055 758 2116 est:
775 2049 861 2132 quod
877 2055 999 2114 terram
1026 2045 1190 2130 quandam

77 2154 126 2218 sub
148 2153 313 2243 Keymuk,
340 2157 471 2224 nominc
497 2158 701 2245 Kemesnice,
727 2176 824 2242 quam
851 2164 945 2241 pater
961 2162 1073 2222 noster
1087 2154 1191 2220 felicis

77 2265 215 2329 memorie
245 2266 318 2331 Rex
350 2265 444 2346 Bela,
478 2265 602 2332 maiore
634 2265 757 2350 Ochus,
788 2274 881 2351 patre
911 2264 1065 2332 videlieet
1081 2261 1190 2329 Ochus

77 2369 146 2437 Rani
169 2372 365 2458 abstulerat,
391 2377 423 2439 et
453 2373 668 2458 Zagrahiensi
708 2374 854 2442 Ecclesie
886 2393 944 2458 per
985 2371 1189 2457 privilegium

78 2481 245 2548 contulerat
276 2489 435 2566 perpetuo
467 2485 709 2568 possidendam,
741 2483 785 2548 ad
816 2483 1010 2550 instanciam
1037 2480 1145 2547 dilecti
1162 2487 1195 2545 et

81 2583 170 2655 idelis
186 2591 292 2656 nostri
309 2587 420 2656 Ochus
438 2593 528 2676 Bani,
546 2600 578 2659 et
603 2593 744 2658 maxime
761 2591 838 2676 quia
856 2592 888 2656 in
914 2569 1062 2657 discentis
1078 2587 1196 2655 marcis

27 2755 28 2774 ,
82 2695 306 2780 persolvendis,
323 2717 405 2781 quas
417 2701 511 2766 nobis
522 2699 562 2766 de
576 2699 795 2766 ultramarinis
805 2700 954 2785 partibus
971 2696 1192 2764 remeantibus

27 2799 29 2890 ξ
81 2805 344 2888 accomodat-erut,
363 2806 426 2872 sibi
442 2808 639 2892 tenebamur,
659 2807 771 2874 codem
789 2809 858 2873 iure
876 2814 907 2872 et
924 2806 1083 2872 libertatis
1100 2803 1194 2869 titulo

27 2909 29 2988 ξ
82 2926 136 2989 ouo
150 2911 301 2981 Ecclesia
327 2935 399 2981 cam
425 2914 624 3002 possidebat,
651 2915 794 2981 scilicet:
826 2933 886 2982 nec
911 2913 1107 2978 marturinas
1138 2931 1197 2975 nec

82 3016 151 3085 alias
166 3022 363 3090 exaccioncs
379 3041 441 3104 que
458 3029 534 3089 sunt
558 3023 607 3089 rei
624 3043 687 3106 que
704 3023 785 3089 forte
801 3022 834 3087 in
851 3023 976 3087 Ranatrr
994 3019 1195 3102 emerserint,

82 3142 131 3190 nec
144 3125 279 3195 ritualia
290 3127 442 3210 Banatui,
461 3131 705 3215 neoVicehano,
724 3132 826 3196 incole
839 3127 1023 3196 eurumdem
1042 3134 1197 3192 terrarum

83 3235 193 3304 soluere
209 3237 417 3324 tenebantur,
433 3259 490 3326 per
506 3239 632 3305 fidelem
650 3249 795 3306 nostrum
811 3239 937 3305 Reinolt
957 3238 1058 3304 lilium
1074 3237 1198 3302 Pcrtolt

27 3349 29 3358 ’
84 3337 180 3408 sibiet
203 3365 263 3430 per
290 3365 363 3411 eum
390 3346 457 3412 suis
486 3346 659 3412 heredibus
685 3347 754 3412 iure
780 3353 937 3432 perpetro
964 3344 1193 3430 possidendam

84 3449 278 3541 restituimus,
305 3461 337 3518 et
352 3474 410 3538 per
436 3441 572 3521 eundem
599 3455 736 3541 Reinolt,
752 3455 900 3521 Ecclesia
916 3452 1139 3538 Zagrahiensi,
1157 3472 1197 3517 ne

85 3553 109 3619 ei
136 3556 279 3626 iniuriari
313 3568 345 3626 et
385 3561 648 3645 predecessorum
674 3570 854 3629 nostrorum
888 3563 1084 3628 elemosinas
1111 3558 1197 3625 velie

86 3667 245 3733 retractare
272 3668 464 3754 videremur,
491 3692 549 3756 pro
565 3669 712 3756 predicta
737 3677 822 3737 terra
850 3673 978 3737 nomine
995 3672 1196 3751 Kemesnice,

86 3779 176 3840 terras
216 3777 356 3845 eandem
397 3779 619 3862 eqrrivalentes
668 3781 708 3846 de
750 3781 868 3846 nostris
910 3781 1002 3846 terris
1043 3783 1195 3868 propriis,

86 3880 215 3951 sedicet:
230 3884 272 3951 de
290 3889 386 3953 terris
403 3887 505 3954 (lustri
518 3888 750 3970 Zagrabiensis
771 3895 873 3956 terras
894 3889 1061 3955 videlicet:
1079 3888 1198 3971 Rodos,

88 3985 217 4078 wilare,
234 3991 348 4078 Oupuc
366 4000 397 4059 et
413 3995 543 4081 Braten,
559 4015 580 4061 a
597 3993 711 4062 (lustro
736 3995 953 4079 Zagrabieusi
971 4001 1134 4079 exceptas,
1151 3994 1194 4059 ad

27 4093 29 4116 '
87 4091 325 4184 heneplatcitum
353 4103 505 4189 Episcopi
533 4111 565 4169 ct
588 4104 692 4169 tocius
718 4103 869 4189 Capituli,
895 4105 1017 4170 eisdem
1034 4103 1152 4169 debris
1168 4109 1200 4167 ct

89 4207 230 4294 serviciis,
257 4209 376 4292 quibus
392 4213 495 4279 incole
512 4213 688 4280 earundem
720 4221 877 4281 terrarum
904 4214 1043 4279 Banatui
1075 4212 1199 4278 serviro

89 4315 278 4402 tenebantur,
323 4319 469 4386 Ecclesie
519 4330 672 4406 perpetuo
723 4321 940 4407 possidendus
992 4319 1195 4406 contulimus,

91 4425 287 4493 concedentes
321 4429 506 4494 eanrmdcm
539 4438 696 4495 terrarum
725 4429 1005 4513 inhabitatoribus,
1038 4429 1198 4511 quorlncc

91 4535 282 4622 martrrrinas,
307 4557 368 4602 uec
394 4536 595 4624 descensum,
623 4559 682 4605 ner.
709 4538 792 4604 alias
810 4539 1012 4626 exacciones,
1040 4561 1102 4624 que
1119 4539 1199 4606 forte

128 4647 131 4652 ’
183 4667 467 4712 prorumpensium.
486 4683 529 4696 -
547 4675 618 4712 nien.
635 4675 678 4714 xx.
1053 4656 1088 4718 li
1136 4673 1138 4678 '
