3184 5186
886 981 960 1051 sle.

355 1181 415 1248 IV.
434 1181 517 1248 neta
532 1179 708 1264 kircllpnalt
726 1177 833 1264 Ostur,
850 1179 924 1266 sat,
950 1175 1108 1262 oruata,
1139 1181 1267 1268 Nemas,
1301 1183 1421 1272 Nepos,
1452 1187 1486 1249 e'r

356 1289 540 1376 Akosuyire
554 1285 686 1354 melletti
708 1287 825 1354 Ukurd
840 1287 1035 1373 lalpstqelre
1048 1291 1205 1374 tdrpyoso
1235 1290 1432 1378 adomim,
1463 1316 1485 1357 a

555 1393 749 1481 epebrtpert
764 1393 991 1491 aptiezuscirdu
1005 1399 1167 1461 rremtra.
1192 1397 1292 1463 1259.

463 1589 544 1658 Bels
574 1587 636 1656 Dei
667 1585 782 1674 grania
811 1587 883 1654 Rex
913 1585 1091 1676 ilungarie,
1123 1587 1303 1676 Dalmatis,
1336 1589 1484 1675 (troanie,

354 1694 604 1784 ramesense,
620 1690 769 1780 (latitate,
786 1691 990 1781 lodomerie,
1015 1693 1238 1778 Bulgsrioque
1261 1695 1331 1762 Rex
1355 1696 1482 1764 uniuer-

355 1803 401 1872 sis
418 1803 534 1888 quibus
549 1807 717 1888 presentes
734 1799 906 1886 patuerint,
939 1800 1076 1868 salutem
1095 1801 1127 1867 in
1143 1801 1284 1868 omnium
1307 1805 1484 1871 saluatore.

355 1911 413 1980 Pie
428 1909 545 1978 mentis
559 1907 757 1977 desiderium
776 1927 816 1974 ae
841 1906 1008 1975 laudande
1031 1907 1281 1976 deliberacionis
1312 1908 1484 1984 dilinioio·

356 2037 441 2107 nem,
472 2014 683 2101 religiosique
698 2013 856 2101 propositi
873 2015 1049 2099 puritatem
1067 2011 1277 2084 Oelsitudinis
1292 2015 1393 2101 Regio
1408 2037 1485 2086 eou-

355 2127 449 2213 gruis
463 2123 632 2191 fauoribus
649 2121 803 2207 inteiligit
817 2121 1025 2211 attollendus,
1042 2123 1099 2206 qui
1114 2123 1158 2190 ad
1174 2123 1235 2191 boo
1250 2124 1358 2209 Reges
1384 2143 1481 2212 snper

355 2237 472 2320 gentes
487 2236 521 2298 et
536 2229 651 2316 Regna
666 2227 860 2298 eonstitutoe
875 2249 897 2298 a
911 2227 1053 2298 Domino
1068 2228 1264 2314 considerat,
1291 2237 1326 2297 vt
1341 2231 1482 2300 enellant

355 2351 389 2412 et
404 2340 562 2426 dissipent
577 2339 685 2424 noxis,
712 2345 745 2406 ot
760 2339 915 2406 virtutum
932 2337 1111 2406 seminaria
1126 2340 1309 2406 animarum
1334 2340 1483 2427 proiecti·

360 2452 420 2518 bus
437 2451 596 2534 oportune
611 2445 763 2514 edifieent
776 2454 879 2530 etque
894 2447 1052 2532 plantent.
1084 2445 1182 2514 Cordi
1197 2445 1297 2530 igitur
1313 2443 1411 2515 debet
1423 2445 1471 2513 Re

357 2555 452 2643 gibrm
468 2571 539 2622 esse
556 2559 654 2636 atque
670 2571 757 2640 oure,
774 2560 810 2620 vt
825 2571 866 2620 ea
881 2571 946 2637 que
961 2571 1021 2638 pro
1037 2551 1147 2637 quiete
1171 2551 1326 2638 religiose
1352 2573 1484 2622 oonuer·

356 2661 498 2733 sationis
513 2665 590 2728 eunt
604 2657 767 2747 disposite
783 2667 816 2726 et
846 2658 1021 2728 salubriter
1052 2659 1215 2744 ordinata,
1245 2680 1308 2728 neo
1338 2661 1481 2746 ipsorum

355 2771 480 2855 Regum
495 2763 718 2835 dissimulatio
733 2764 893 2850 negligat,
920 2785 982 2833 neo
1006 2765 1145 2834 aliorum
1176 2765 1354 2853 pleotibilis
1384 2769 1484 2853 possit

357 2872 561 2965 presumpcio
573 2873 777 2961 perturbare.
802 2871 975 2941 Nemeum
991 2872 1090 2941 niebil
1107 2873 1142 2939 in
1169 2873 1217 2940 eie
1249 2873 1383 2941 clariori
1413 2874 1486 2941 luoe

356 2983 526 3070 refulgeat,
543 3000 641 3064 quam
657 2979 733 3046 fidei
749 2979 877 3066 puritas
893 2978 1059 3064 ortodoxe,
1087 2998 1152 3046 non
1167 2977 1288 3046 frustra
1301 2981 1482 3065 presertim

357 3089 446 3160 eirea
460 3088 630 3172 religiosas
646 3105 801 3174 personae
817 3086 852 3154 in
882 3085 1094 3154 fundamento
1124 3085 1202 3154 fidei
1232 3085 1354 3154 debent
1386 3105 1485 3174 opera

356 3196 542 3285 pandentis
556 3194 600 3261 ad
616 3192 716 3260 vitem
732 3191 857 3261 editum
873 3191 1025 3278 solidare,
1057 3191 1301 3260 oonsiderantes
1317 3193 1480 3279 religioni·

355 3307 416 3372 bus
431 3302 554 3389 pooius,
572 3318 670 3385 quam
685 3299 800 3366 labore
816 3298 962 3383 eorporis
987 3297 1040 3366 vel
1072 3298 1190 3365 sudore
1219 3297 1338 3366 bellioo
1371 3300 1482 3382 Regna

355 3411 418 3481 sibi
433 3409 605 3478 commissa
620 3407 785 3474 Diuinitus
801 3405 987 3490 gubernari.
1026 3405 1165 3474 Ptoinde
1191 3425 1263 3473 eum
1278 3426 1338 3473 nos
1363 3407 1482 3475 media

357 3529 461 3588 torem
476 3515 539 3582 Dei
555 3523 588 3583 et
603 3514 766 3582 bominum
782 3513 947 3582 Christum
963 3513 1076 3582 Jesum
1092 3520 1124 3580 et
1150 3513 1400 3582 sanctissimam
1416 3515 1487 3583 eius

356 3622 565 3709 Genitrioem
591 3641 655 3706 que
669 3620 772 3690 nostri
789 3620 895 3706 Regni
910 3619 1066 3707 specialis
1083 3619 1196 3688 existit
1210 3620 1341 3688 domine
1364 3631 1400 3689 et
1429 3642 1481 3707 pa·

356 3746 458 3819 trono,
490 3729 698 3798 intendentes
714 3748 774 3815 pro
790 3727 1023 3814 possibilitatis
1039 3734 1148 3796 nostre
1164 3728 1298 3796 modulo
1313 3731 1391 3797 totis
1421 3730 1481 3798 sin·

355 3860 429 3913 oero
444 3839 561 3906 mentis
586 3834 757 3904 affeotibus
788 3834 961 3923 honorare,
992 3834 1223 3903 Monusterium
1254 3836 1298 3903 ad
1329 3837 1481 3907 bonorem

354 3950 457 4039 ipsius
474 3943 711 4015 Glorioeissimo
728 3941 869 4027 Virginis
886 3943 918 4009 in
935 3943 1042 4011 insula
1059 3942 1222 4027 quondam
1247 3943 1398 4028 leporum
1428 3964 1482 4012 eo-

356 4066 431 4128 oata
446 4053 589 4122 construi
604 4051 777 4118 fecerimus
793 4071 852 4118 eeu
868 4049 1002 4117 fundari
1018 4070 1185 4118 sacrarum
1212 4051 1376 4136 virginum
1409 4050 1483 4120 reli-

359 4166 588 4253 giosarumque
604 4158 807 4227 dominarum
834 4158 1011 4226 Cenobium
1043 4179 1114 4226 oum
1144 4159 1480 4246 Arcbyepieooporum

356 4280 388 4343 et
403 4271 638 4357 Episcoporum
654 4286 694 4334 ae
708 4267 849 4334 oliorum
865 4267 1091 4354 religiosorum
1106 4267 1242 4336 oonsilio
1255 4269 1479 4336 constituimus

361 4383 395 4450 in
411 4377 537 4463 eodem,
552 4375 677 4444 salubri
692 4381 822 4460 patrum
837 4375 907 4440 Deo
924 4373 1115 4441 amabilium
1132 4374 1282 4441 Fratrum
1299 4375 1479 4442 Predieato·

359 4508 429 4556 rurn
447 4481 692 4568 gubernandum
708 4480 866 4566 regimine
882 4488 913 4548 ot
928 4479 1097 4566 doetrinie,
1115 4501 1155 4547 ae
1170 4480 1366 4550 salutaribus
1383 4481 1481 4550 oonsi-

353 4602 408 4690 lijs
426 4588 675 4660 insermendum.
698 4589 739 4655 llt
754 4586 831 4656 lieet
846 4607 906 4656 nos
931 4586 1173 4657 oonsidereurus
1205 4595 1388 4654 ereaturam
1417 4605 1477 4654 non
