3206 5184
882 347 1042 448 „Q

404 571 479 616 nem
497 547 675 634 pleniorem
690 545 817 612 litteras
834 550 999 628 presentes
1014 544 1116 610 nostri
1141 541 1243 626 sigilli
1273 542 1452 608 munimine
1480 541 1518 608 ad

403 657 599 725 instanciam
616 653 693 720 dieti
709 651 802 718 Mark
835 651 968 718 Comitis
999 649 1184 738 supradicto
1215 650 1305 716 Clueh
1336 650 1520 717 contulimus

403 768 582 835 roboratus.
606 763 722 831 Aotum
739 780 826 829 anno
842 762 951 846 gracie
966 757 1085 826 M⁰OG⁰
1100 758 1305 844 sexagesimo
1321 757 1430 826 tercio.

404 965 548 1027 (Eredotie
576 962 759 1027 borhtrtyan,
790 961 909 1026 melyro}
940 974 958 1011 a
988 959 1082 1024 puostt
1098 958 1357 1024 veronensem
1374 957 1522 1022 aulyemzai·

405 1055 495 1107 norun
522 1057 609 1122 fiigg3
647 1071 664 1104 a
700 1052 786 1103 budui
813 1051 918 1118 kirtlyi
939 1051 1068 1102 kamaram
1086 1049 1263 1103 lsvtlttruak
1280 1049 1451 1114 Ztgrtblran
1468 1046 1523 1096 ltro

888 1141 1039 1205 reantbeu.)

933 1983 1009 2052 att.

412 2185 441 2252 A
457 2189 590 2253 emetri
605 2184 832 2272 kdptaluamuk
847 2182 1127 2269 moeyaeqleveta
1143 2185 1224 2265 hopy
1239 2202 1278 2244 oa
1292 2179 1395 2244 obedi
1411 2179 1531 2265 edajob·

406 2292 531 2379 bdpyok
546 2295 696 2379 bizonyoa
711 2292 831 2379 u'tppbeu
855 2315 877 2354 a
900 2289 1056 2356 Huaaazta'
1079 2288 1267 2354 mmeaellcel
1292 2286 1525 2373 burotactpoauo
1590 2339 1592 2366 ,

802 2399 1014 2488 eqyezkedtek.
1041 2397 1138 2464 1263.
1589 2375 1592 2522 i

515 2594 584 2662 Nos
601 2593 785 2682 Capitulum
801 2593 947 2660 Euolesie
963 2593 1075 2660 Sunoti
1089 2592 1271 2678 Myohaelis
1287 2590 1487 2676 Archangeli
1495 2589 1531 2654 du
1590 2585 1591 2656 ᾗ

409 2703 523 2770 (lustro
541 2703 658 2769 Ferreo
677 2699 762 2790 (per)
778 2714 944 2787 presentes
976 2701 1102 2767 litteras
1134 2700 1249 2768 damus
1280 2720 1338 2788 pro
1370 2698 1529 2782 memoria,

408 2811 494 2895 quod
509 2811 611 2898 Ohuu,
629 2809 740 2898 Solku,
757 2810 890 2895 Cantus,
907 2809 1058 2876 Salomon
1073 2810 1132 2894 filij
1151 2809 1307 2889 eiusdem,
1322 2809 1417 2875 Bauh
1433 2825 1529 2894 proso

409 2927 443 2986 et
458 2940 519 3004 pro
536 2918 685 2986 Arnoldo
702 2919 801 2986 fratre
816 2939 885 3006 suo,
901 2918 991 2984 Baoh
1003 2925 1041 2985 et
1057 2918 1236 3006 Myohaele,
1255 2937 1315 3002 pro
1330 2923 1404 2984 tota
1419 2935 1529 2999 cogna-

410 3027 500 3094 oiono
517 3047 640 3113 eorum,
657 3027 886 3112 iobagionibus
897 3025 1002 3093 Castri
1013 3026 1123 3093 Ferrei
1139 3026 1181 3092 de
1192 3023 1285 3092 Obad
1296 3045 1336 3092 ex
1347 3046 1413 3091 una
1425 3030 1529 3110 purte;

408 3135 564 3220 Romano,
580 3140 613 3202 et
627 3134 776 3201 Barrabe
791 3134 858 3200 lilio
875 3134 1022 3200 eiusdem
1038 3134 1078 3200 de
1093 3133 1225 3200 Hurunti
1242 3153 1283 3199 ex
1298 3134 1413 3218 alteru,
1430 3149 1529 3198 ouran

409 3241 502 3309 nobis
519 3244 702 3310 constitutis
719 3242 851 3327 quidem
867 3243 1056 3328 iobugionos
1073 3243 1182 3310 (lustri
1196 3241 1238 3308 de
1249 3239 1344 3308 Obud
1355 3242 1531 3307 retulerunt

409 3366 507 3433 super
524 3367 634 3434 eausa,
651 3369 748 3431 quum
765 3349 947 3416 habuerunt
963 3345 1104 3438 (oontru)
1131 3349 1263 3416 eosdem
1294 3349 1474 3414 Romanum
1504 3351 1532 3411 ut

408 3456 586 3522 Barrabam
604 3456 704 3526 tilium
723 3476 816 3523 suum
833 3457 1007 3547 predictos,
1040 3460 1074 3522 in
1088 3457 1189 3524 talem
1207 3457 1336 3524 titulum
1354 3456 1448 3540 pacis
1463 3473 1531 3521 eun·

407 3564 537 3631 uenisse
555 3563 776 3632 mediantibus
792 3566 896 3632 Paulo
912 3565 978 3632 filio
993 3564 1223 3650 Bartholomai,
1239 3562 1381 3631 Henrioo
1397 3561 1531 3629 tilioHe

407 3670 487 3736 tinio
503 3672 543 3737 de
557 3670 669 3740 Hinan
686 3675 818 3741 arbitris
835 3675 920 3740 iuter
950 3680 1061 3759 partes
1094 3672 1126 3737 in
1157 3673 1244 3739 hune
1276 3671 1406 3738 modum
1426 3697 1434 3737 :
1451 3667 1532 3756 quod

408 3797 506 3863 super
522 3800 586 3863 qua
603 3780 657 3846 via
675 3781 913 3848 contendebant
928 3781 1000 3867 ipse
1017 3779 1109 3848 Chun
1126 3789 1158 3847 et
1174 3781 1271 3848 ceteri
1288 3779 1428 3865 predioti
1439 3814 1482 3826 -
1494 3813 1529 3826 —-

408 3923 452 3934 -
470 3923 507 3934 -
530 3926 569 3938 -
587 3887 695 3956 (lustri
712 3889 752 3957 de
767 3888 863 3957 obad
878 3909 936 3974 pro
953 3896 1021 3957 totu
1037 3889 1237 3973 oognuuioue
1254 3907 1314 3956 suu
1329 3905 1387 3974 por
1413 3889 1531 3954 curiam

408 3995 584 4064 eorundem
600 3998 739 4064 Romani
756 4003 789 4065 et
819 3998 963 4066 Burrabe
982 4033 1326 4046 ——————
1341 3995 1486 4063 habitum
1501 3993 1532 4058 iu
1590 4027 1592 4082 3

411 4103 560 4192 Gungna,
592 4104 753 4173 veniendo
768 4106 803 4170 in
819 4114 939 4174 terrum
956 4107 1099 4191 ipsorum
1116 4105 1340 4190 potientium,
1368 4103 1457 4188 quod
1478 4101 1533 4168 Ro
1590 4095 1592 4122 '

409 4234 523 4280 manue
539 4250 824 4268 -----
840 4213 956 4283 limitis
973 4235 1167 4300 processum,
1192 4214 1313 4282 eisdem
1329 4212 1478 4280 Romano
1503 4216 1532 4276 et
1590 4211 1592 4238 ⁵

409 4321 552 4388 filiosuo
568 4322 729 4408 peridem
745 4322 882 4390 hostium
899 4345 958 4408 per
973 4360 1255 4372 —————
1275 4320 1448 4389 eeclesiam
1463 4337 1531 4405 pro·
1590 4329 1592 4398 l

412 4428 549 4497 cedendi
566 4428 724 4497 faoultuto
739 4432 774 4496 in
800 4439 990 4518 perpetuum
1021 4431 1264 4518 possidendum.
1300 4428 1372 4496 Hou
1404 4428 1531 4510 adiecto,

411 4545 447 4602 ut
478 4557 687 4622 quaeeunque
718 4537 841 4607 litteras
873 4577 1195 4589 —————
1230 4539 1397 4624 habuerit,
1428 4542 1532 4604 eontra
1587 4536 1592 4646 l'

413 4643 549 4715 alterum
582 4665 684 4713 vanus
717 4654 749 4714 et
781 4649 889 4715 irritas
921 4650 1118 4717 retinebunt.
1174 4650 1294 4715 Dutum
1325 4645 1360 4711 in
1403 4644 1534 4712 erasnm

1585 4647 1592 4784 l

1559 4993 1592 5158 l
