3116 5186
830 327 987 422 Q

346 520 430 604 quod
464 521 548 588 idem
579 517 854 607 Arebiepisoopus
887 521 1009 588 iurabit
1025 520 1214 587 fidelitatem
1244 506 1449 589 dominobuei

346 637 377 695 et
409 629 649 694 suecessoribus
680 625 747 694 suis
780 619 844 694 nisi
874 647 932 712 pro
949 627 995 693 cis
1012 628 1210 712 remanserit,
1229 632 1260 693 et
1276 627 1321 694 sic
1345 628 1448 708 facient
1538 615 1539 690 ξ

348 755 458 802 omnes
488 735 741 820 Arcbiepiseopi,
774 737 829 818 qui
860 735 1094 822 imperpetuum
1127 742 1220 801 erunt
1238 735 1270 799 in
1302 737 1452 819 Rugusine
1538 775 1539 780 1

348 842 441 928 Sede,
474 843 631 929 Ducibus,
666 843 721 925 qui
739 861 796 926 per
829 848 973 928 tempore
989 847 1091 909 erunt.
1109 841 1222 909 clerus
1239 849 1343 909 eutem
1358 851 1402 909 ter
1424 843 1450 908 in

346 971 442 1036 anno,
458 951 494 1015 in
512 949 692 1016 Nativitate
709 949 839 1016 Domini
866 951 948 1016 etin
965 949 1093 1017 Pascha
1118 952 1368 1017 Resurrecticnis
1383 949 1452 1016 etin

347 1059 431 1124 festo
463 1057 574 1123 Sancti
607 1053 723 1142 Blasii,
753 1055 869 1123 laudes
911 1058 1089 1123 cantabunt
1120 1057 1154 1121 in
1187 1059 1302 1124 maiori
1332 1057 1452 1124 ecelesia

346 1165 568 1249 sollempniter
586 1162 715 1231 domino
732 1163 826 1246 Duei,
853 1162 983 1231 domino
999 1163 1198 1246 Patriarehc,
1216 1163 1453 1249 Arcbiepiscopo

345 1289 403 1338 suo
420 1281 452 1337 et
470 1271 585 1338 Comiti
603 1270 690 1338 omni
711 1290 806 1355 auno,
824 1278 955 1357 propter
965 1272 1050 1355 quod
1060 1272 1317 1341 benedictionem
1332 1273 1455 1356 recipiet

345 1399 522 1465 yperperos
540 1386 617 1466 tres,
649 1399 748 1445 unum
784 1397 804 1442 a
835 1377 940 1464 nobis,
973 1379 1108 1445 alterum
1141 1383 1183 1447 ab
1209 1379 1455 1466 Archiepiscopo‚

346 1486 480 1554 tercium
523 1509 543 1553 1
575 1486 710 1554 (1111111.
752 1487 928 1552 Habebunt
970 1505 1101 1570 quoque
1140 1488 1301 1571 Bagusini
1341 1505 1455 1571 semper

346 1593 502 1661 Comitem
520 1599 551 1660 et
577 1595 719 1660 Comites
745 1595 786 1660 11
811 1593 975 1677 Veneeiis,
992 1612 1087 1677 quem
1114 1595 1167 1659 vel
1184 1594 1300 1677 quales
1324 1593 1457 1660 dominus

242 1686 253 1736 ·’
344 1703 420 1768 Dux
452 1722 524 1768 curn
557 1700 672 1767 maiori
705 1705 798 1784 parte
830 1701 879 1766 sui
908 1699 1055 1766 Consillii
1071 1698 1117 1766 eis
1149 1698 1388 1788 dareuoluerit,
1412 1699 1459 1784 qui

345 1809 467 1876 iurabit
490 1807 676 1875 fidelitatem
704 1807 831 1874 domino
856 1807 938 1874 Dnei
955 1814 986 1874 et
1002 1809 1243 1875 successoribus
1259 1810 1350 1893 sois;
1377 1795 1458 1873 etsie
1537 1823 1539 1878 ἶ

345 1917 585 1986 faeientomnes
599 1917 1461 2006 Comites,quieruntpertempora,Dueibus‚quierunt
1537 1959 1539 2006 Ξ

349 2047 405 2110 per
421 2034 567 2110 tempora
583 2027 830 2110 imperpetuum.
848 2023 1009 2090 durabunt
1025 2030 1133 2090 autem
1150 2032 1181 2089 et
1192 2043 1305 2092 omnes
1321 2024 1456 2090 homines
1537 2049 1539 2084 1

348 2133 529 2199 Comitatus
546 2156 565 2199 a
581 2132 735 2200 tredecim
752 2131 848 2199 annis
865 2139 897 2197 11
915 2151 1016 2215 supra
1030 2130 1222 2198 fidelitatem
1240 2130 1373 2198 domino
1388 2129 1461 2196 Duci
1537 2133 1539 2154 ³

350 2249 382 2305 et
399 2241 638 2306 successoribus
651 2239 729 2325 suis,
742 2248 773 2305 et
784 2241 857 2322 ipsa
867 2238 1032 2304 fidelitatis
1049 2244 1253 2304 sacramenta
1270 2241 1462 2307 renovabunt
1537 2313 1539 2322 Α

346 2348 484 2431 singulis
510 2349 606 2414 annis
638 2347 759 2414 decem.
792 2347 951 2414 Jurabunt
980 2365 1110 2429 quoque
1138 2347 1328 2413 fidelitatem
1357 2345 1460 2412 Comiti
1538 2377 1539 2380 ¹

347 2475 470 2540 omnes,
488 2463 520 2522 et
538 2456 715 2523 comitibus
731 2456 1009 2524 omnibusfutnris
1025 2455 1270 2541 imperpetuum,
1290 2457 1384 2522 salva
1398 2452 1463 2519 tide
1538 2439 1539 2444 ’

349 2564 439 2629 111111
456 2561 578 2630 domini
594 2565 694 2631 Ducis
710 2563 753 2629 ad
770 2565 921 2631 bonorem
940 2565 1153 2629 Veneeiarum
1170 2564 1356 2632 etsalutem
1367 2563 1463 2643 Rugu-
1538 2627 1539 2632 ,

345 2671 394 2747 sii,
412 2692 482 2737 eum
500 2673 583 2738 bono
601 2672 763 2739 ethonore
780 2692 819 2738 11
836 2671 1020 2737 salvatione
1036 2670 1259 2736 veneciarum.
1293 2673 1338 2737 Et
1353 2667 1463 2739 siforte

294 2773 295 2776 ’
346 2777 526 2863 eontigerit,
553 2778 719 2844 dominum
747 2781 867 2845 Ducem
894 2777 944 2843 vel
970 2796 1158 2844 succesores
1182 2797 1260 2844 suos
1288 2776 1464 2862 Bagusinm

346 2884 532 2971 applicare,
566 2886 721 2969 recipient
752 2906 824 2952 eum
858 2884 1032 2952 honorifice
1064 2903 1103 2951 11
1131 2883 1225 2950 illum
1251 2884 1464 2970 procurabunt
1538 2939 1539 2942 ,

346 2999 378 3055 11
394 2993 526 3059 nuncios
542 3013 619 3059 suos
636 2994 795 3059 similiter.
807 2993 883 3058 Etsi
901 2993 1048 3060 dominus
1061 2991 1137 3060 Dux
1153 2992 1294 3058 voluerit
1309 2990 1464 3078 hospitari
1538 3013 1539 3016 ¹

345 3101 380 3165 in
399 3100 492 3166 domo
509 3101 800 3185 Arcbiepiscopeli,
817 3099 950 3167 babebit
965 3121 1037 3166 eam
1057 3099 1100 3165 11
1117 3101 1167 3167 111
1184 3099 1464 3168 honorificentiam

344 3213 376 3272 et
391 3207 608 3292 voluntatem
625 3209 807 3290 sinautem,
825 3207 997 3294 dabiturei
1015 3208 1129 3274 domus
1146 3207 1354 3275 honorabilis
1372 3225 1465 3291 usque
1537 3209 1539 3262 j

344 3314 421 3379 dum
437 3317 563 3382 steterit
577 3316 631 3403 ibi,
647 3321 679 3383 et
696 3317 816 3382 nuntiis
835 3316 901 3382 suis
918 3316 1086 3384 decentem
1103 3318 1234 3383 domum
1250 3338 1311 3402 pro
1328 3316 1467 3403 hospicio

344 3421 570 3502 assignabunt.
603 3425 644 3488 Bt
675 3423 823 3506 quotiens
855 3425 969 3492 fecerit
986 3424 1128 3490 Venecia
1159 3423 1339 3490 exercitum
1372 3439 1468 3506 usque

342 3529 539 3596 Duraebium
556 3539 626 3598 111
650 3533 816 3599 Duraebio
842 3532 974 3600 1111111
991 3538 1022 3598 11
1038 3551 1138 3616 usque
1154 3532 1378 3604 Brundusium
1394 3539 1427 3598 11
1450 3550 1469 3592 1
1538 3607 1539 3610 ¹

342 3635 523 3704 Brundusio
540 3646 571 3704 et
588 3638 682 3726 infra,
700 3641 783 3706 sieut
798 3639 940 3706 Venecia
967 3638 1072 3725 faciet,
1088 3640 1135 3707 sic
1160 3640 1284 3706 facient
1313 3635 1469 3723 Ragusiui

343 3744 518 3810 secundum
551 3768 717 3815 nnmerum
743 3749 882 3815 virorum
917 3768 1056 3815 suorum.
1097 3750 1132 3816 Si
1172 3770 1249 3816 vero
1294 3748 1469 3816 exercitum

342 3855 455 3920 feeerit
470 3875 490 3920 a
507 3855 640 3939 triginta
657 3857 753 3940 lignis
765 3858 901 3925 armatis
918 3865 1068 3945 elsupra,
1087 3879 1150 3943 que
1166 3858 1311 3926 debeant
1329 3857 1469 3926 transire
1538 3845 1539 3868 ³

343 3962 542 4028 Duraebium
560 3974 590 4029 et
607 3966 836 4049 Brundusium,
852 3967 974 4033 facient
989 3966 1066 4031 inde
1090 3966 1251 4050 Ragusini
1267 3967 1468 4034 tricesimam
1498 4025 1501 4030 .

343 4077 478 4157 partem,
496 4077 527 4135 et
542 4073 675 4138 stabunt
694 4075 727 4138 in
745 4073 882 4141 servicio
899 4075 1112 4140 Veneeiarum
1130 4073 1330 4158 usquedum
1349 4073 1474 4142 steterit

342 4178 501 4244 exereitus
529 4177 752 4246 Venecinrum.
777 4181 908 4247 Tollent
931 4179 1087 4264 Ragusini
1106 4181 1146 4247 dc
1164 4182 1316 4248 omnibus
1334 4181 1474 4248 navibus

343 4293 581 4372 extraneorum,
616 4307 677 4369 que
710 4287 788 4352 illuc
819 4288 1035 4373 applicuerint
1061 4287 1102 4352 ad
1130 4295 1256 4374 portum
1274 4289 1475 4372 faciendum,
1538 4303 1539 4348 1

342 4393 435 4460 illam
452 4394 617 4478 rationem,
646 4415 741 4478 qurum
774 4395 917 4462 Venecia
949 4397 1034 4462 tollit
1065 4401 1292 4464 extraneorum
1323 4400 1477 4484 navibus,
1538 4447 1539 4450 ,

341 4501 550 4585 dividentque
581 4503 731 4569 illumin
765 4510 830 4570 tres
861 4510 989 4590 partes.
1013 4505 1053 4571 (11
1087 4505 1204 4588 quibus
1233 4525 1334 4571 unam
1355 4509 1478 4575 111111

343 4608 580 4694 rcbiepiseop0,
614 4609 713 4677 aliam
732 4611 849 4677 Comiti
874 4622 907 4676 et
925 4612 1033 4678 tercia
1050 4613 1092 4678 sit
1108 4609 1296 4680 Communis
1315 4613 1468 4699 Bagusii.
