<?xml version="1.0" encoding="UTF-8"?>
<!DOCTYPE html PUBLIC "-//W3C//DTD XHTML 1.0 Transitional//EN"
    "http://www.w3.org/TR/xhtml1/DTD/xhtml1-transitional.dtd">
<html xmlns="http://www.w3.org/1999/xhtml" xml:lang="en" lang="en">
 <head>
  <title>
</title>
<meta http-equiv="Content-Type" content="text/html;charset=utf-8" />
  <meta name='ocr-system' content='tesseract 3.04.00' />
  <meta name='ocr-capabilities' content='ocr_page ocr_carea ocr_par ocr_line ocrx_word'/>
</head>
<body>
  <div class='ocr_page' id='page_1' title='image "./codexdiplomatic01wenzgoog_0281.png"; bbox 0 0 3116 5186; ppageno 0'>
   <div class='ocr_carea' id='block_1_1' title="bbox 542 358 704 460">
    <p class='ocr_par' dir='ltr' id='par_1_1' title="bbox 542 358 704 460">
     <span class='ocr_line' id='line_1_1' title="bbox 542 358 704 460; baseline -0.006 -32"><span class='ocrx_word' id='word_1_1' title='bbox 542 358 704 460; x_wconf 47' lang='lat' dir='ltr'><strong>jaj-</strong></span> 
     </span>
    </p>
   </div>
   <div class='ocr_carea' id='block_1_2' title="bbox 5 536 1204 1070">
    <p class='ocr_par' dir='ltr' id='par_1_2' title="bbox 5 536 1204 1070">
     <span class='ocr_line' id='line_1_2' title="bbox 5 536 1201 643; baseline -0.006 -16"><span class='ocrx_word' id='word_1_2' title='bbox 5 541 7 628; x_wconf 72' lang='grc' dir='ltr'>ἶ</span> <span class='ocrx_word' id='word_1_3' title='bbox 76 576 189 643; x_wconf 85' lang='lat' dir='ltr'><strong>semper</strong></span> <span class='ocrx_word' id='word_1_4' title='bbox 202 561 234 622; x_wconf 86' lang='lat' dir='ltr'><strong>et</strong></span> <span class='ocrx_word' id='word_1_5' title='bbox 247 556 441 624; x_wconf 74' lang='lat' dir='ltr'><strong>inconeussa</strong></span> <span class='ocrx_word' id='word_1_6' title='bbox 464 536 665 641; x_wconf 78' lang='lat' dir='ltr'><strong>permoneat,</strong></span> <span class='ocrx_word' id='word_1_7' title='bbox 697 554 921 624; x_wconf 85' lang='lat' dir='ltr'><strong>oonoesrionis</strong></span> <span class='ocrx_word' id='word_1_8' title='bbox 946 561 1054 622; x_wconf 86' lang='lat' dir='ltr'><strong>nostre</strong></span> <span class='ocrx_word' id='word_1_9' title='bbox 1071 553 1201 620; x_wconf 68' lang='lat' dir='ltr'><strong>seriem·</strong></span> 
     </span>
     <span class='ocr_line' id='line_1_3' title="bbox 5 653 1204 746; baseline -0.004 -13"><span class='ocrx_word' id='word_1_10' title='bbox 5 653 12 740; x_wconf 79' lang='lat' dir='ltr'><strong>i</strong></span> <span class='ocrx_word' id='word_1_11' title='bbox 76 663 161 733; x_wconf 85' lang='lat' dir='ltr'><strong>serihi</strong></span> <span class='ocrx_word' id='word_1_12' title='bbox 175 661 310 732; x_wconf 78' lang='lat' dir='ltr'><strong>fecimus</strong></span> <span class='ocrx_word' id='word_1_13' title='bbox 325 663 437 746; x_wconf 83' lang='lat' dir='ltr'><strong>sigillo</strong></span> <span class='ocrx_word' id='word_1_14' title='bbox 460 669 577 730; x_wconf 90' lang='lat' dir='ltr'><strong>nostro</strong></span> <span class='ocrx_word' id='word_1_15' title='bbox 608 661 808 730; x_wconf 77' lang='lat' dir='ltr'><strong>roborantes.</strong></span> <span class='ocrx_word' id='word_1_16' title='bbox 847 659 969 729; x_wconf 86' lang='lat' dir='ltr'><strong>Datum</strong></span> <span class='ocrx_word' id='word_1_17' title='bbox 997 680 1055 746; x_wconf 84' lang='lat' dir='ltr'><strong>por</strong></span> <span class='ocrx_word' id='word_1_18' title='bbox 1071 681 1204 728; x_wconf 77' lang='lat' dir='ltr'><strong>munus--</strong></span> 
     </span>
     <span class='ocr_line' id='line_1_4' title="bbox 5 765 1200 856; baseline -0.009 -14"><span class='ocrx_word' id='word_1_19' title='bbox 5 773 7 842; x_wconf 66' lang='grc' dir='ltr'><em>ὲ</em></span> <span class='ocrx_word' id='word_1_20' title='bbox 76 773 192 856; x_wconf 81' lang='lat' dir='ltr'><strong>llathye</strong></span> <span class='ocrx_word' id='word_1_21' title='bbox 234 769 400 856; x_wconf 80' lang='lat' dir='ltr'><strong>Propositi</strong></span> <span class='ocrx_word' id='word_1_22' title='bbox 446 767 677 852; x_wconf 83' lang='lat' dir='ltr'><strong>Zagrabiensis</strong></span> <span class='ocrx_word' id='word_1_23' title='bbox 724 768 801 836; x_wconf 84' lang='lat' dir='ltr'><strong>aule</strong></span> <span class='ocrx_word' id='word_1_24' title='bbox 839 767 971 852; x_wconf 61' lang='lat' dir='ltr'><strong>nostre}</strong></span> <span class='ocrx_word' id='word_1_25' title='bbox 990 765 1200 852; x_wconf 69' lang='lat' dir='ltr'><strong>Onneallar‘p&#39;·</strong></span> 
     </span>
     <span class='ocr_line' id='line_1_5' title="bbox 5 872 1187 964; baseline -0.006 -17"><span class='ocrx_word' id='word_1_26' title='bbox 5 917 6 964; x_wconf 64' lang='lat'>;</span> <span class='ocrx_word' id='word_1_27' title='bbox 77 899 150 946; x_wconf 81' lang='lat' dir='ltr'><strong>anno</strong></span> <span class='ocrx_word' id='word_1_28' title='bbox 164 876 297 945; x_wconf 84' lang='lat' dir='ltr'><strong>Domini</strong></span> <span class='ocrx_word' id='word_1_29' title='bbox 311 875 528 944; x_wconf 81' lang='lat' dir='ltr'>M⁰CG⁰XXX</span> <span class='ocrx_word' id='word_1_30' title='bbox 535 873 562 942; x_wconf 73' lang='lat'><strong>⁰1</strong></span> <span class='ocrx_word' id='word_1_31' title='bbox 570 888 590 963; x_wconf 83' lang='lat'><strong>⁰,</strong></span> <span class='ocrx_word' id='word_1_32' title='bbox 623 875 708 942; x_wconf 85' lang='lat' dir='ltr'><strong>Pons</strong></span> <span class='ocrx_word' id='word_1_33' title='bbox 724 875 988 958; x_wconf 78' lang='lat' dir='ltr'><strong>Taunrnieornm,</strong></span> <span class='ocrx_word' id='word_1_34' title='bbox 1015 872 1105 940; x_wconf 77' lang='lat' dir='ltr'><strong>Chae</strong></span> <span class='ocrx_word' id='word_1_35' title='bbox 1120 874 1187 940; x_wconf 85' lang='lat' dir='ltr'><strong>Da-</strong></span> 
     </span>
     <span class='ocr_line' id='line_1_6' title="bbox 5 979 1188 1070; baseline -0.003 -18"><span class='ocrx_word' id='word_1_36' title='bbox 5 999 7 1022; x_wconf 75' lang='lat'><em>*</em></span> <span class='ocrx_word' id='word_1_37' title='bbox 77 986 241 1070; x_wconf 65' lang='lat' dir='ltr'><strong>puerorum,</strong></span> <span class='ocrx_word' id='word_1_38' title='bbox 273 987 362 1053; x_wconf 84' lang='lat' dir='ltr'><strong>Posa</strong></span> <span class='ocrx_word' id='word_1_39' title='bbox 378 983 446 1050; x_wconf 87' lang='lat' dir='ltr'><strong>filio</strong></span> <span class='ocrx_word' id='word_1_40' title='bbox 462 984 573 1051; x_wconf 86' lang='lat' dir='ltr'><strong>Solum</strong></span> <span class='ocrx_word' id='word_1_41' title='bbox 588 983 788 1068; x_wconf 79' lang='lat' dir='ltr'><strong>Agasonum,</strong></span> <span class='ocrx_word' id='word_1_42' title='bbox 820 981 980 1048; x_wconf 86' lang='lat' dir='ltr'><strong>hliohaele</strong></span> <span class='ocrx_word' id='word_1_43' title='bbox 998 981 1065 1048; x_wconf 90' lang='lat' dir='ltr'><strong>filio</strong></span> <span class='ocrx_word' id='word_1_44' title='bbox 1092 979 1188 1068; x_wconf 86' lang='lat' dir='ltr'><strong>Opud</strong></span> 
     </span>
    </p>
   </div>
   <div class='ocr_carea' id='block_1_3' title="bbox 75 1086 1201 1286">
    <p class='ocr_par' dir='ltr' id='par_1_3' title="bbox 75 1086 1201 1286">
     <span class='ocr_line' id='line_1_7' title="bbox 77 1086 1201 1179; baseline -0.004 -20"><span class='ocrx_word' id='word_1_45' title='bbox 77 1094 293 1160; x_wconf 86' lang='lat' dir='ltr'><strong>Pinoeruarum</strong></span> <span class='ocrx_word' id='word_1_46' title='bbox 309 1091 478 1176; x_wconf 80' lang='lat' dir='ltr'><strong>Magistris</strong></span> <span class='ocrx_word' id='word_1_47' title='bbox 494 1091 724 1179; x_wconf 79' lang='lat' dir='ltr'><strong>existentibus3</strong></span> <span class='ocrx_word' id='word_1_48' title='bbox 747 1089 835 1158; x_wconf 86' lang='lat' dir='ltr'><strong>lea</strong></span> <span class='ocrx_word' id='word_1_49' title='bbox 851 1087 952 1158; x_wconf 80' lang='lat' dir='ltr'><strong>fratre</strong></span> <span class='ocrx_word' id='word_1_50' title='bbox 976 1089 1088 1154; x_wconf 88' lang='lat' dir='ltr'><strong>Ratolt</strong></span> <span class='ocrx_word' id='word_1_51' title='bbox 1111 1086 1201 1154; x_wconf 84' lang='lat' dir='ltr'><strong>wo·-</strong></span> 
     </span>
     <span class='ocr_line' id='line_1_8' title="bbox 75 1188 1182 1286; baseline -0.002 -20"><span class='ocrx_word' id='word_1_52' title='bbox 75 1199 627 1286; x_wconf 77' lang='lat' dir='ltr'><strong>yauodalhansiluanoeristente.</strong></span> <span class='ocrx_word' id='word_1_53' title='bbox 1178 1188 1182 1201; x_wconf 78' lang='grc'>’</span> 
     </span>
    </p>
   </div>
   <div class='ocr_carea' id='block_1_4' title="bbox 78 1395 1209 1548">
    <p class='ocr_par' dir='ltr' id='par_1_4' title="bbox 78 1395 1209 1548">
     <span class='ocr_line' id='line_1_9' title="bbox 78 1395 1209 1466; baseline -0.011 -11"><span class='ocrx_word' id='word_1_54' title='bbox 78 1399 173 1456; x_wconf 71' lang='lat' dir='ltr'><strong>oswen</strong></span> <span class='ocrx_word' id='word_1_55' title='bbox 189 1399 278 1466; x_wconf 68' lang='lat' dir='ltr'><strong>iijabb</strong></span> <span class='ocrx_word' id='word_1_56' title='bbox 311 1399 465 1463; x_wconf 71' lang='lat' dir='ltr'><strong>kirtlynsk</strong></span> <span class='ocrx_word' id='word_1_57' title='bbox 497 1397 608 1449; x_wconf 78' lang='lat' dir='ltr'><strong>1257=ki</strong></span> <span class='ocrx_word' id='word_1_58' title='bbox 639 1396 809 1462; x_wconf 74' lang='lat' dir='ltr'><strong>megenhelto</strong></span> <span class='ocrx_word' id='word_1_59' title='bbox 841 1395 1036 1460; x_wconf 73' lang='lat' dir='ltr'><strong>okmanyihhl‚</strong></span> <span class='ocrx_word' id='word_1_60' title='bbox 1068 1398 1143 1462; x_wconf 77' lang='lat' dir='ltr'><strong>mely</strong></span> <span class='ocrx_word' id='word_1_61' title='bbox 1174 1411 1209 1448; x_wconf 17' lang='lat' dir='ltr'><strong>er.</strong></span> 
     </span>
     <span class='ocr_line' id='line_1_10' title="bbox 288 1485 957 1548; baseline -0.004 -10"><span class='ocrx_word' id='word_1_62' title='bbox 288 1488 373 1539; x_wconf 86' lang='lat' dir='ltr'><strong>hudai</strong></span> <span class='ocrx_word' id='word_1_63' title='bbox 393 1488 447 1538; x_wconf 86' lang='lat' dir='ltr'><strong>kir.</strong></span> <span class='ocrx_word' id='word_1_64' title='bbox 467 1487 596 1538; x_wconf 74' lang='lat' dir='ltr'><strong>hamar-ai</strong></span> <span class='ocrx_word' id='word_1_65' title='bbox 608 1485 785 1536; x_wconf 75' lang='lat' dir='ltr'><strong>leveltsirhen</strong></span> <span class='ocrx_word' id='word_1_66' title='bbox 804 1485 957 1548; x_wconf 76' lang='lat' dir='ltr'><strong>oriztetilr.)</strong></span> 
     </span>
    </p>
   </div>
   <div class='ocr_carea' id='block_1_5' title="bbox 495 1771 762 1782">
    <p class='ocr_par' dir='ltr' id='par_1_5' title="bbox 495 1771 762 1782">
     <span class='ocr_line' id='line_1_11' title="bbox 495 1771 762 1782; baseline -0.007 0"><span class='ocrx_word' id='word_1_67' title='bbox 495 1771 762 1782; x_wconf 52' lang='grc' dir='ltr'><strong>*ιιι-</strong></span> 
     </span>
    </p>
   </div>
   <div class='ocr_carea' id='block_1_6' title="bbox 597 2305 671 2374">
    <p class='ocr_par' dir='ltr' id='par_1_6' title="bbox 597 2305 671 2374">
     <span class='ocr_line' id='line_1_12' title="bbox 597 2305 671 2374; baseline 0.027 -2"><span class='ocrx_word' id='word_1_68' title='bbox 597 2305 671 2374; x_wconf 78' lang='lat' dir='ltr'><strong>loo.</strong></span> 
     </span>
    </p>
   </div>
   <div class='ocr_carea' id='block_1_7' title="bbox 65 2490 1204 2594">
    <p class='ocr_par' dir='ltr' id='par_1_7' title="bbox 65 2490 1204 2594">
     <span class='ocr_line' id='line_1_13' title="bbox 65 2490 1204 2594; baseline -0.004 -23"><span class='ocrx_word' id='word_1_69' title='bbox 65 2507 120 2571; x_wconf 71' lang='lat' dir='ltr'><strong>&#39;Aa</strong></span> <span class='ocrx_word' id='word_1_70' title='bbox 134 2509 199 2594; x_wconf 69' lang='lat' dir='ltr'><strong>epit</strong></span> <span class='ocrx_word' id='word_1_71' title='bbox 212 2490 442 2592; x_wconf 76' lang='lat' dir='ltr'><strong>ledptolauuak</strong></span> <span class='ocrx_word' id='word_1_72' title='bbox 458 2505 737 2593; x_wconf 74' lang='lat' dir='ltr'><strong>hizooysdpleoele,</strong></span> <span class='ocrx_word' id='word_1_73' title='bbox 754 2505 835 2589; x_wconf 70' lang='lat' dir='ltr'><strong>kopp</strong></span> <span class='ocrx_word' id='word_1_74' title='bbox 862 2503 968 2567; x_wconf 75' lang='lat' dir='ltr'><strong>Bothk</strong></span> <span class='ocrx_word' id='word_1_75' title='bbox 993 2525 1090 2570; x_wconf 83' lang='lat' dir='ltr'><strong>eomes</strong></span> <span class='ocrx_word' id='word_1_76' title='bbox 1114 2503 1204 2568; x_wconf 75' lang='lat' dir='ltr'><strong>Leo·-</strong></span> 
     </span>
    </p>
   </div>
   <div class='ocr_carea' id='block_1_8' title="bbox 146 2609 1042 2701">
    <p class='ocr_par' dir='ltr' id='par_1_8' title="bbox 146 2609 1042 2701">
     <span class='ocr_line' id='line_1_14' title="bbox 146 2609 1042 2701; baseline -0.006 -23"><span class='ocrx_word' id='word_1_77' title='bbox 146 2628 151 2637; x_wconf 85' lang='lat'>&#39;</span> <span class='ocrx_word' id='word_1_78' title='bbox 215 2613 295 2700; x_wconf 71' lang='lat' dir='ltr'><strong>yeld</strong></span> <span class='ocrx_word' id='word_1_79' title='bbox 308 2619 393 2677; x_wconf 78' lang='lat' dir='ltr'><strong>nevit</strong></span> <span class='ocrx_word' id='word_1_80' title='bbox 407 2610 911 2701; x_wconf 27' lang='lat' dir='ltr'><strong>hirtokdtfiai&#39;ktiztfolooztotta.</strong></span> <span class='ocrx_word' id='word_1_81' title='bbox 945 2609 1042 2676; x_wconf 83' lang='lat'><strong><em>1231.</em></strong></span> 
     </span>
    </p>
   </div>
   <div class='ocr_carea' id='block_1_9' title="bbox 82 2803 1213 4078">
    <p class='ocr_par' dir='ltr' id='par_1_9' title="bbox 82 2803 1213 4078">
     <span class='ocr_line' id='line_1_15' title="bbox 173 2803 1192 2895; baseline -0.004 -20"><span class='ocrx_word' id='word_1_82' title='bbox 173 2809 240 2876; x_wconf 84' lang='lat' dir='ltr'><strong>Nos</strong></span> <span class='ocrx_word' id='word_1_83' title='bbox 258 2809 377 2876; x_wconf 79' lang='lat' dir='ltr'><strong>Comes</strong></span> <span class='ocrx_word' id='word_1_84' title='bbox 392 2809 513 2895; x_wconf 83' lang='lat' dir='ltr'><strong>Symou</strong></span> <span class='ocrx_word' id='word_1_85' title='bbox 530 2807 572 2873; x_wconf 87' lang='lat' dir='ltr'><strong>de</strong></span> <span class='ocrx_word' id='word_1_86' title='bbox 586 2807 720 2890; x_wconf 84' lang='lat' dir='ltr'><strong>Rongou</strong></span> <span class='ocrx_word' id='word_1_87' title='bbox 736 2807 757 2873; x_wconf 91' lang='lat' dir='ltr'><strong>J</strong></span> <span class='ocrx_word' id='word_1_88' title='bbox 761 2807 844 2876; x_wconf 86' lang='lat' dir='ltr'><strong>udex</strong></span> <span class='ocrx_word' id='word_1_89' title='bbox 870 2807 965 2874; x_wconf 81' lang='lat' dir='ltr'><strong>Curio</strong></span> <span class='ocrx_word' id='word_1_90' title='bbox 992 2805 1112 2872; x_wconf 85' lang='lat' dir='ltr'><strong>domini</strong></span> <span class='ocrx_word' id='word_1_91' title='bbox 1143 2803 1192 2872; x_wconf 87' lang='lat' dir='ltr'><strong>Si·</strong></span> 
     </span>
     <span class='ocr_line' id='line_1_16' title="bbox 82 2911 1212 3001; baseline -0.003 -18"><span class='ocrx_word' id='word_1_92' title='bbox 82 2914 227 2997; x_wconf 76' lang='lat' dir='ltr'><strong>gismundi</strong></span> <span class='ocrx_word' id='word_1_93' title='bbox 244 2917 310 2983; x_wconf 91' lang='lat' dir='ltr'><strong>Dei</strong></span> <span class='ocrx_word' id='word_1_94' title='bbox 326 2916 440 3000; x_wconf 79' lang='lat' dir='ltr'><strong>gracia</strong></span> <span class='ocrx_word' id='word_1_95' title='bbox 454 2917 675 2982; x_wconf 86' lang='lat' dir='ltr'><strong>Romanorum</strong></span> <span class='ocrx_word' id='word_1_96' title='bbox 692 2915 791 2998; x_wconf 82' lang='lat' dir='ltr'><strong>Regis</strong></span> <span class='ocrx_word' id='word_1_97' title='bbox 809 2915 943 3001; x_wconf 80' lang='lat' dir='ltr'><strong>Semper</strong></span> <span class='ocrx_word' id='word_1_98' title='bbox 974 2911 1123 2998; x_wconf 78' lang='lat' dir='ltr'>Augusti,</span> <span class='ocrx_word' id='word_1_99' title='bbox 1157 2932 1212 2980; x_wconf 81' lang='lat' dir='ltr'><strong>ao</strong></span> 
     </span>
     <span class='ocr_line' id='line_1_17' title="bbox 83 3019 1194 3110; baseline 0.002 -24"><span class='ocrx_word' id='word_1_100' title='bbox 83 3021 237 3108; x_wconf 82' lang='lat' dir='ltr'><strong>Hungurie</strong></span> <span class='ocrx_word' id='word_1_101' title='bbox 254 3031 317 3092; x_wconf 89' lang='lat' dir='ltr'><strong>eto.</strong></span> <span class='ocrx_word' id='word_1_102' title='bbox 339 3023 441 3109; x_wconf 83' lang='lat' dir='ltr'><strong>Regis</strong></span> <span class='ocrx_word' id='word_1_103' title='bbox 459 3023 575 3091; x_wconf 72' lang='lat' dir='ltr'><strong>danim</strong></span> <span class='ocrx_word' id='word_1_104' title='bbox 590 3043 650 3110; x_wconf 91' lang='lat' dir='ltr'><strong>pro</strong></span> <span class='ocrx_word' id='word_1_105' title='bbox 666 3021 832 3104; x_wconf 81' lang='lat' dir='ltr'><strong>memorie,</strong></span> <span class='ocrx_word' id='word_1_106' title='bbox 848 3021 936 3107; x_wconf 91' lang='lat' dir='ltr'><strong>quod</strong></span> <span class='ocrx_word' id='word_1_107' title='bbox 959 3020 1136 3088; x_wconf 88' lang='lat' dir='ltr'><strong>Pelhardus</strong></span> <span class='ocrx_word' id='word_1_108' title='bbox 1153 3019 1194 3088; x_wconf 86' lang='lat' dir='ltr'><strong>de</strong></span> 
     </span>
     <span class='ocr_line' id='line_1_18' title="bbox 83 3129 1197 3218; baseline -0.005 -16"><span class='ocrx_word' id='word_1_109' title='bbox 83 3130 300 3202; x_wconf 75' lang='lat' dir='ltr'><strong>lrdewthetek</strong></span> <span class='ocrx_word' id='word_1_110' title='bbox 315 3152 374 3218; x_wconf 93' lang='lat' dir='ltr'><strong>pro</strong></span> <span class='ocrx_word' id='word_1_111' title='bbox 391 3129 495 3199; x_wconf 90' lang='lat' dir='ltr'><strong>nobili</strong></span> <span class='ocrx_word' id='word_1_112' title='bbox 510 3131 643 3198; x_wconf 83' lang='lat' dir='ltr'><strong>(lomina</strong></span> <span class='ocrx_word' id='word_1_113' title='bbox 659 3129 755 3196; x_wconf 81' lang='lat' dir='ltr'><strong>Anna</strong></span> <span class='ocrx_word' id='word_1_114' title='bbox 769 3135 886 3196; x_wconf 85' lang='lat' dir='ltr'><strong>vooata</strong></span> <span class='ocrx_word' id='word_1_115' title='bbox 914 3148 985 3195; x_wconf 81' lang='lat' dir='ltr'><strong>oium</strong></span> <span class='ocrx_word' id='word_1_116' title='bbox 1013 3134 1197 3214; x_wconf 79' lang='lat' dir='ltr'><strong>procuratu·</strong></span> 
     </span>
     <span class='ocr_line' id='line_1_19' title="bbox 85 3234 1198 3325; baseline 0.004 -25"><span class='ocrx_word' id='word_1_117' title='bbox 85 3237 133 3321; x_wconf 84' lang='lat' dir='ltr'><strong>rijs</strong></span> <span class='ocrx_word' id='word_1_118' title='bbox 148 3239 258 3308; x_wconf 87' lang='lat' dir='ltr'><strong>litteris</strong></span> <span class='ocrx_word' id='word_1_119' title='bbox 277 3239 419 3325; x_wconf 83' lang='lat' dir='ltr'><strong>Capituli</strong></span> <span class='ocrx_word' id='word_1_120' title='bbox 437 3239 584 3306; x_wconf 80' lang='lat' dir='ltr'><strong>Eoolesie</strong></span> <span class='ocrx_word' id='word_1_121' title='bbox 608 3237 779 3322; x_wconf 80' lang='lat' dir='ltr'><strong>Agriensis</strong></span> <span class='ocrx_word' id='word_1_122' title='bbox 805 3239 868 3306; x_wconf 87' lang='lat' dir='ltr'><strong>stb.</strong></span> <span class='ocrx_word' id='word_1_123' title='bbox 899 3236 933 3302; x_wconf 92' lang='lat' dir='ltr'><strong>in</strong></span> <span class='ocrx_word' id='word_1_124' title='bbox 965 3235 1090 3303; x_wconf 86' lang='lat' dir='ltr'><strong>ootauis</strong></span> <span class='ocrx_word' id='word_1_125' title='bbox 1121 3234 1198 3304; x_wconf 85' lang='lat' dir='ltr'><strong>festi</strong></span> 
     </span>
     <span class='ocr_line' id='line_1_20' title="bbox 84 3343 1196 3433; baseline 0.002 -23"><span class='ocrx_word' id='word_1_126' title='bbox 84 3343 164 3411; x_wconf 83' lang='lat' dir='ltr'><strong>Beati</strong></span> <span class='ocrx_word' id='word_1_127' title='bbox 178 3347 297 3416; x_wconf 84' lang='lat' dir='ltr'><strong>Juoohi</strong></span> <span class='ocrx_word' id='word_1_128' title='bbox 312 3347 462 3433; x_wconf 75' lang='lat' dir='ltr'><strong>Apostoli</strong></span> <span class='ocrx_word' id='word_1_129' title='bbox 487 3347 521 3412; x_wconf 91' lang='lat' dir='ltr'><strong>iu</strong></span> <span class='ocrx_word' id='word_1_130' title='bbox 551 3347 656 3428; x_wconf 85' lang='lat' dir='ltr'><strong>figura</strong></span> <span class='ocrx_word' id='word_1_131' title='bbox 688 3345 791 3411; x_wconf 82' lang='lat' dir='ltr'><strong>nostri</strong></span> <span class='ocrx_word' id='word_1_132' title='bbox 824 3345 944 3428; x_wconf 87' lang='lat' dir='ltr'><strong>Judieij</strong></span> <span class='ocrx_word' id='word_1_133' title='bbox 979 3344 1196 3430; x_wconf 86' lang='lat' dir='ltr'><strong>eomparendo</strong></span> 
     </span>
     <span class='ocr_line' id='line_1_21' title="bbox 85 3448 1212 3539; baseline 0.003 -23"><span class='ocrx_word' id='word_1_134' title='bbox 85 3461 183 3522; x_wconf 87' lang='lat' dir='ltr'><strong>eontra</strong></span> <span class='ocrx_word' id='word_1_135' title='bbox 198 3453 371 3523; x_wconf 76' lang='lat' dir='ltr'><strong>Nicolaum</strong></span> <span class='ocrx_word' id='word_1_136' title='bbox 387 3459 420 3521; x_wconf 84' lang='lat' dir='ltr'><strong>et</strong></span> <span class='ocrx_word' id='word_1_137' title='bbox 435 3448 637 3539; x_wconf 85' lang='lat' dir='ltr'><strong>Stephanum</strong></span> <span class='ocrx_word' id='word_1_138' title='bbox 663 3452 749 3518; x_wconf 86' lang='lat' dir='ltr'><strong>filios</strong></span> <span class='ocrx_word' id='word_1_139' title='bbox 774 3452 864 3518; x_wconf 86' lang='lat' dir='ltr'><strong>Petri</strong></span> <span class='ocrx_word' id='word_1_140' title='bbox 895 3453 952 3537; x_wconf 90' lang='lat' dir='ltr'><strong>filij</strong></span> <span class='ocrx_word' id='word_1_141' title='bbox 987 3451 1125 3538; x_wconf 86' lang='lat' dir='ltr'><strong>Kyllani</strong></span> <span class='ocrx_word' id='word_1_142' title='bbox 1156 3451 1212 3520; x_wconf 80' lang='lat' dir='ltr'><strong>de·</strong></span> 
     </span>
     <span class='ocr_line' id='line_1_22' title="bbox 85 3556 1198 3650; baseline 0.004 -28"><span class='ocrx_word' id='word_1_143' title='bbox 85 3556 228 3650; x_wconf 82' lang='lat' dir='ltr'><strong>Lengeld‚</strong></span> <span class='ocrx_word' id='word_1_144' title='bbox 245 3583 287 3630; x_wconf 90' lang='lat' dir='ltr'><strong>ae</strong></span> <span class='ocrx_word' id='word_1_145' title='bbox 303 3563 442 3628; x_wconf 84' lang='lat' dir='ltr'><strong>alterum</strong></span> <span class='ocrx_word' id='word_1_146' title='bbox 459 3560 658 3646; x_wconf 75' lang='lat' dir='ltr'><strong>Stephanum</strong></span> <span class='ocrx_word' id='word_1_147' title='bbox 675 3560 776 3630; x_wconf 85' lang='lat' dir='ltr'><strong>filium</strong></span> <span class='ocrx_word' id='word_1_148' title='bbox 807 3560 905 3626; x_wconf 87' lang='lat' dir='ltr'><strong>Pauli</strong></span> <span class='ocrx_word' id='word_1_149' title='bbox 936 3559 976 3626; x_wconf 86' lang='lat' dir='ltr'><strong>de</strong></span> <span class='ocrx_word' id='word_1_150' title='bbox 1008 3558 1132 3645; x_wconf 89' lang='lat' dir='ltr'><strong>eadem,</strong></span> <span class='ocrx_word' id='word_1_151' title='bbox 1165 3567 1198 3626; x_wconf 87' lang='lat' dir='ltr'><strong>et</strong></span> 
     </span>
     <span class='ocr_line' id='line_1_23' title="bbox 87 3665 1197 3753; baseline 0.003 -23"><span class='ocrx_word' id='word_1_152' title='bbox 87 3665 209 3735; x_wconf 84' lang='lat' dir='ltr'><strong>Paulum</strong></span> <span class='ocrx_word' id='word_1_153' title='bbox 224 3669 327 3735; x_wconf 85' lang='lat' dir='ltr'><strong>tilium</strong></span> <span class='ocrx_word' id='word_1_154' title='bbox 341 3667 429 3734; x_wconf 91' lang='lat' dir='ltr'><strong>Petri</strong></span> <span class='ocrx_word' id='word_1_155' title='bbox 445 3668 613 3753; x_wconf 84' lang='lat' dir='ltr'><strong>Weyuode</strong></span> <span class='ocrx_word' id='word_1_156' title='bbox 630 3667 792 3735; x_wconf 79' lang='lat' dir='ltr'><strong>devereb</strong></span> <span class='ocrx_word' id='word_1_157' title='bbox 809 3667 977 3753; x_wconf 81' lang='lat' dir='ltr'><strong>proposuit</strong></span> <span class='ocrx_word' id='word_1_158' title='bbox 1007 3687 1047 3734; x_wconf 92' lang='lat' dir='ltr'><strong>eo</strong></span> <span class='ocrx_word' id='word_1_159' title='bbox 1079 3666 1197 3734; x_wconf 66' lang='lat' dir='ltr'><strong>modos</strong></span> 
     </span>
     <span class='ocr_line' id='line_1_24' title="bbox 88 3774 1198 3863; baseline 0.002 -22"><span class='ocrx_word' id='word_1_160' title='bbox 88 3776 163 3858; x_wconf 85' lang='lat' dir='ltr'><strong>quod</strong></span> <span class='ocrx_word' id='word_1_161' title='bbox 178 3777 250 3863; x_wconf 90' lang='lat' dir='ltr'><strong>ipsa</strong></span> <span class='ocrx_word' id='word_1_162' title='bbox 265 3775 399 3842; x_wconf 85' lang='lat' dir='ltr'><strong>domina</strong></span> <span class='ocrx_word' id='word_1_163' title='bbox 415 3774 512 3842; x_wconf 86' lang='lat' dir='ltr'><strong>Anna</strong></span> <span class='ocrx_word' id='word_1_164' title='bbox 527 3795 662 3842; x_wconf 89' lang='lat' dir='ltr'><strong>oonsors</strong></span> <span class='ocrx_word' id='word_1_165' title='bbox 679 3795 740 3843; x_wconf 90' lang='lat' dir='ltr'><strong>sua</strong></span> <span class='ocrx_word' id='word_1_166' title='bbox 755 3783 843 3842; x_wconf 87' lang='lat' dir='ltr'><strong>esset</strong></span> <span class='ocrx_word' id='word_1_167' title='bbox 858 3776 929 3841; x_wconf 87' lang='lat' dir='ltr'><strong>filia</strong></span> <span class='ocrx_word' id='word_1_168' title='bbox 952 3775 1070 3861; x_wconf 82' lang='lat' dir='ltr'><strong>prefati</strong></span> <span class='ocrx_word' id='word_1_169' title='bbox 1101 3775 1198 3843; x_wconf 84' lang='lat' dir='ltr'><strong>Nioo·</strong></span> 
     </span>
     <span class='ocr_line' id='line_1_25' title="bbox 87 3880 1213 3954; baseline 0.005 -7"><span class='ocrx_word' id='word_1_170' title='bbox 87 3880 126 3948; x_wconf 77' lang='lat' dir='ltr'><strong>lui</strong></span> <span class='ocrx_word' id='word_1_171' title='bbox 140 3883 176 3950; x_wconf 84' lang='lat' dir='ltr'><strong>de</strong></span> <span class='ocrx_word' id='word_1_172' title='bbox 191 3884 310 3952; x_wconf 73' lang='lat' dir='ltr'><strong>(lotha</strong></span> <span class='ocrx_word' id='word_1_173' title='bbox 328 3905 369 3952; x_wconf 85' lang='lat' dir='ltr'><strong>ex</strong></span> <span class='ocrx_word' id='word_1_174' title='bbox 384 3884 485 3952; x_wconf 91' lang='lat' dir='ltr'><strong>nobili</strong></span> <span class='ocrx_word' id='word_1_175' title='bbox 502 3883 634 3950; x_wconf 85' lang='lat' dir='ltr'><strong>domina</strong></span> <span class='ocrx_word' id='word_1_176' title='bbox 649 3883 819 3951; x_wconf 80' lang='lat' dir='ltr'><strong>Elirabeth</strong></span> <span class='ocrx_word' id='word_1_177' title='bbox 834 3889 956 3950; x_wconf 83' lang='lat' dir='ltr'><strong>vocata</strong></span> <span class='ocrx_word' id='word_1_178' title='bbox 982 3882 1051 3950; x_wconf 89' lang='lat' dir='ltr'><strong>filia</strong></span> <span class='ocrx_word' id='word_1_179' title='bbox 1081 3885 1213 3954; x_wconf 84' lang='lat' dir='ltr'><strong>nobilis-</strong></span> 
     </span>
     <span class='ocr_line' id='line_1_26' title="bbox 89 3989 1199 4078; baseline 0.005 -23"><span class='ocrx_word' id='word_1_180' title='bbox 89 3989 204 4060; x_wconf 85' lang='lat' dir='ltr'><strong>domine</strong></span> <span class='ocrx_word' id='word_1_181' title='bbox 219 3995 311 4078; x_wconf 80' lang='lat' dir='ltr'><strong>Baga</strong></span> <span class='ocrx_word' id='word_1_182' title='bbox 326 3999 453 4078; x_wconf 84' lang='lat' dir='ltr'><strong>vorate,</strong></span> <span class='ocrx_word' id='word_1_183' title='bbox 473 3991 537 4060; x_wconf 90' lang='lat' dir='ltr'><strong>lilio</strong></span> <span class='ocrx_word' id='word_1_184' title='bbox 553 3991 714 4060; x_wconf 82' lang='lat' dir='ltr'><strong>Johuunis</strong></span> <span class='ocrx_word' id='word_1_185' title='bbox 728 3991 785 4078; x_wconf 83' lang='lat' dir='ltr'><strong>filij</strong></span> <span class='ocrx_word' id='word_1_186' title='bbox 804 3990 935 4057; x_wconf 84' lang='lat' dir='ltr'><strong>Martini</strong></span> <span class='ocrx_word' id='word_1_187' title='bbox 957 3990 997 4058; x_wconf 91' lang='lat' dir='ltr'><strong>de</strong></span> <span class='ocrx_word' id='word_1_188' title='bbox 1012 3992 1102 4058; x_wconf 85' lang='lat' dir='ltr'><strong>diota</strong></span> <span class='ocrx_word' id='word_1_189' title='bbox 1117 3991 1199 4060; x_wconf 87' lang='lat' dir='ltr'><strong>Len·</strong></span> 
     </span>
    </p>
   </div>
   <div class='ocr_carea' id='block_1_10' title="bbox 5 4063 1212 4196">
    <p class='ocr_par' dir='ltr' id='par_1_10' title="bbox 5 4063 1212 4196">
     <span class='ocr_line' id='line_1_27' title="bbox 5 4063 1212 4196; baseline -0.002 -29"><span class='ocrx_word' id='word_1_190' title='bbox 5 4063 8 4196; x_wconf 71' lang='lat' dir='ltr'><strong>i</strong></span> <span class='ocrx_word' id='word_1_191' title='bbox 92 4099 158 4184; x_wconf 81' lang='lat' dir='ltr'><strong>gold</strong></span> <span class='ocrx_word' id='word_1_192' title='bbox 173 4107 365 4190; x_wconf 83' lang='lat' dir='ltr'><strong>propagata,</strong></span> <span class='ocrx_word' id='word_1_193' title='bbox 381 4100 574 4187; x_wconf 78' lang='lat' dir='ltr'><strong>prefatoque</strong></span> <span class='ocrx_word' id='word_1_194' title='bbox 589 4096 722 4166; x_wconf 85' lang='lat' dir='ltr'><strong>domine</strong></span> <span class='ocrx_word' id='word_1_195' title='bbox 736 4098 909 4166; x_wconf 77' lang='lat' dir='ltr'><strong>Elisabeth</strong></span> <span class='ocrx_word' id='word_1_196' title='bbox 923 4117 1064 4165; x_wconf 84' lang='lat' dir='ltr'><strong>vnaonm</strong></span> <span class='ocrx_word' id='word_1_197' title='bbox 1081 4101 1212 4167; x_wconf 52' lang='lat' dir='ltr'><strong>nobili-1</strong></span> 
     </span>
    </p>
   </div>
   <div class='ocr_carea' id='block_1_11' title="bbox 5 4239 8 4316">
    <p class='ocr_par' dir='ltr' id='par_1_11' title="bbox 5 4239 8 4316">
     <span class='ocr_line' id='line_1_28' title="bbox 5 4239 8 4316; baseline 0 -12"><span class='ocrx_word' id='word_1_198' title='bbox 5 4239 8 4316; x_wconf 79' lang='lat' dir='ltr'><strong>l</strong></span> 
     </span>
    </p>
   </div>
   <div class='ocr_carea' id='block_1_12' title="bbox 5 4203 1201 4293">
    <p class='ocr_par' dir='ltr' id='par_1_12' title="bbox 5 4203 1201 4293">
     <span class='ocr_line' id='line_1_29' title="bbox 5 4203 1201 4293; baseline 0.005 -25"><span class='ocrx_word' id='word_1_199' title='bbox 5 4209 7 4234; x_wconf 83' lang='lat'><em>&#39;</em></span> <span class='ocrx_word' id='word_1_200' title='bbox 91 4203 143 4273; x_wconf 90' lang='lat' dir='ltr'><strong>hus</strong></span> <span class='ocrx_word' id='word_1_201' title='bbox 158 4208 346 4276; x_wconf 81' lang='lat' dir='ltr'><strong>dominabus</strong></span> <span class='ocrx_word' id='word_1_202' title='bbox 363 4208 474 4275; x_wconf 86' lang='lat' dir='ltr'><strong>Katha</strong></span> <span class='ocrx_word' id='word_1_203' title='bbox 489 4207 558 4275; x_wconf 84' lang='lat' dir='ltr'><strong>iilia</strong></span> <span class='ocrx_word' id='word_1_204' title='bbox 572 4205 730 4293; x_wconf 80' lang='lat' dir='ltr'><strong>Stephani</strong></span> <span class='ocrx_word' id='word_1_205' title='bbox 746 4206 802 4292; x_wconf 89' lang='lat' dir='ltr'><strong>tilij</strong></span> <span class='ocrx_word' id='word_1_206' title='bbox 822 4205 955 4274; x_wconf 85' lang='lat' dir='ltr'><strong>Martini</strong></span> <span class='ocrx_word' id='word_1_207' title='bbox 980 4206 1022 4274; x_wconf 87' lang='lat' dir='ltr'><strong>do</strong></span> <span class='ocrx_word' id='word_1_208' title='bbox 1051 4207 1201 4291; x_wconf 84' lang='lat' dir='ltr'><strong>Lengeld</strong></span> 
     </span>
    </p>
   </div>
   <div class='ocr_carea' id='block_1_13' title="bbox 5 4303 1219 4514">
    <p class='ocr_par' dir='ltr' id='par_1_13' title="bbox 5 4303 1219 4522">
     <span class='ocr_line' id='line_1_30' title="bbox 92 4303 1198 4402; baseline 0.006 -25.49"><span class='ocrx_word' id='word_1_209' title='bbox 92 4311 122 4378; x_wconf 89' lang='lat' dir='ltr'><strong>in</strong></span> <span class='ocrx_word' id='word_1_210' title='bbox 135 4315 285 4385; x_wconf 77' lang='lat' dir='ltr'><strong>uniuersis</strong></span> <span class='ocrx_word' id='word_1_211' title='bbox 295 4317 426 4401; x_wconf 86' lang='lat' dir='ltr'><strong>juribus</strong></span> <span class='ocrx_word' id='word_1_212' title='bbox 442 4315 705 4401; x_wconf 86' lang='lat' dir='ltr'><strong>possessionariis</strong></span> <span class='ocrx_word' id='word_1_213' title='bbox 723 4315 859 4382; x_wconf 82' lang='lat' dir='ltr'><strong>condam</strong></span> <span class='ocrx_word' id='word_1_214' title='bbox 890 4312 1014 4381; x_wconf 88' lang='lat' dir='ltr'><strong>domini</strong></span> <span class='ocrx_word' id='word_1_215' title='bbox 1030 4303 1198 4402; x_wconf 78' lang='lat' dir='ltr'><strong>&#39;Stephani</strong></span> 
     </span>
     <span class='ocr_line' id='line_1_31' title="bbox 5 4419 1219 4514; baseline 0.003 -28"><span class='ocrx_word' id='word_1_216' title='bbox 5 4425 7 4484; x_wconf 82' lang='lat' dir='ltr'><strong>l</strong></span> <span class='ocrx_word' id='word_1_217' title='bbox 96 4419 232 4492; x_wconf 69' lang='lat' dir='ltr'><strong>custodis</strong></span> <span class='ocrx_word' id='word_1_218' title='bbox 246 4424 486 4514; x_wconf 72' lang='lat' dir='ltr'><strong>strigoniensis,</strong></span> <span class='ocrx_word' id='word_1_219' title='bbox 512 4432 545 4492; x_wconf 87' lang='lat' dir='ltr'><strong>et</strong></span> <span class='ocrx_word' id='word_1_220' title='bbox 561 4423 693 4508; x_wconf 82' lang='lat' dir='ltr'><strong>Georgij</strong></span> <span class='ocrx_word' id='word_1_221' title='bbox 712 4423 862 4492; x_wconf 74' lang='lat' dir='ltr'><strong>cantoris</strong></span> <span class='ocrx_word' id='word_1_222' title='bbox 892 4421 1064 4506; x_wconf 78' lang='lat' dir='ltr'><strong>Agriensis</strong></span> <span class='ocrx_word' id='word_1_223' title='bbox 1094 4423 1219 4490; x_wconf 79' lang='lat' dir='ltr'><strong>Enete·-</strong></span> 
     </span>
    </p>
   </div>
   <div class='ocr_carea' id='block_1_14' title="bbox 5 4583 9 4730">
    <p class='ocr_par' dir='ltr' id='par_1_14' title="bbox 5 4583 9 4730">
     <span class='ocr_line' id='line_1_32' title="bbox 5 4583 9 4660; baseline 0 0"><span class='ocrx_word' id='word_1_224' title='bbox 5 4583 9 4660; x_wconf 85' lang='lat' dir='ltr'><strong>i</strong></span> 
     </span>
     <span class='ocr_line' id='line_1_33' title="bbox 5 4661 7 4730; baseline 0 0"><span class='ocrx_word' id='word_1_225' title='bbox 5 4661 7 4730; x_wconf 90' lang='lat' dir='ltr'><strong>l</strong></span> 
     </span>
    </p>
   </div>
   <div class='ocr_carea' id='block_1_15' title="bbox 5 4733 9 4904">
    <p class='ocr_par' dir='ltr' id='par_1_15' title="bbox 5 4733 9 4904">
     <span class='ocr_line' id='line_1_34' title="bbox 5 4733 9 4904; baseline 0 -38"><span class='ocrx_word' id='word_1_226' title='bbox 5 4733 9 4904; x_wconf 70' lang='lat' dir='ltr'><strong>l</strong></span> 
     </span>
    </p>
   </div>
   <div class='ocr_carea' id='block_1_16' title="bbox 5 4525 1214 4731">
    <p class='ocr_par' dir='ltr' id='par_1_16' title="bbox 5 4525 1214 4731">
     <span class='ocr_line' id='line_1_35' title="bbox 5 4525 1205 4619; baseline 0.006 -28"><span class='ocrx_word' id='word_1_227' title='bbox 5 4525 7 4582; x_wconf 71' lang='lat' dir='ltr'><strong>l</strong></span> <span class='ocrx_word' id='word_1_228' title='bbox 95 4528 212 4617; x_wconf 76' lang='lat' dir='ltr'><strong>simum,</strong></span> <span class='ocrx_word' id='word_1_229' title='bbox 226 4552 285 4600; x_wconf 85' lang='lat' dir='ltr'><strong>neo</strong></span> <span class='ocrx_word' id='word_1_230' title='bbox 299 4553 364 4601; x_wconf 93' lang='lat' dir='ltr'><strong>non</strong></span> <span class='ocrx_word' id='word_1_231' title='bbox 382 4531 526 4619; x_wconf 84' lang='lat' dir='ltr'><strong>religiosi</strong></span> <span class='ocrx_word' id='word_1_232' title='bbox 543 4532 604 4601; x_wconf 84' lang='lat' dir='ltr'><strong>viri</strong></span> <span class='ocrx_word' id='word_1_233' title='bbox 620 4531 730 4600; x_wconf 84' lang='lat' dir='ltr'><strong>fratris</strong></span> <span class='ocrx_word' id='word_1_234' title='bbox 744 4531 884 4599; x_wconf 79' lang='lat' dir='ltr'><strong>Emerioi</strong></span> <span class='ocrx_word' id='word_1_235' title='bbox 902 4530 942 4597; x_wconf 87' lang='lat' dir='ltr'><strong>do</strong></span> <span class='ocrx_word' id='word_1_236' title='bbox 962 4527 1085 4598; x_wconf 88' lang='lat' dir='ltr'><strong>Ordine</strong></span> <span class='ocrx_word' id='word_1_237' title='bbox 1105 4529 1205 4598; x_wconf 86' lang='lat' dir='ltr'><strong>Here·</strong></span> 
     </span>
     <span class='ocr_line' id='line_1_36' title="bbox 49 4636 1214 4731; baseline 0.003 -32"><span class='ocrx_word' id='word_1_238' title='bbox 49 4724 54 4731; x_wconf 12' lang='lat'>³</span> <span class='ocrx_word' id='word_1_239' title='bbox 97 4636 232 4707; x_wconf 81' lang='lat' dir='ltr'><strong>mitorum</strong></span> <span class='ocrx_word' id='word_1_240' title='bbox 246 4640 356 4708; x_wconf 84' lang='lat' dir='ltr'><strong>Sanoti</strong></span> <span class='ocrx_word' id='word_1_241' title='bbox 371 4636 467 4710; x_wconf 87' lang='lat' dir='ltr'><strong>Pauli</strong></span> <span class='ocrx_word' id='word_1_242' title='bbox 477 4661 535 4728; x_wconf 89' lang='lat' dir='ltr'><strong>per</strong></span> <span class='ocrx_word' id='word_1_243' title='bbox 546 4640 859 4709; x_wconf 80' lang='lat' dir='ltr'><strong>nondamdominum</strong></span> <span class='ocrx_word' id='word_1_244' title='bbox 867 4639 1068 4728; x_wconf 87' lang='lat' dir='ltr'><strong>Lodouieum</strong></span> <span class='ocrx_word' id='word_1_245' title='bbox 1078 4639 1214 4725; x_wconf 78' lang='lat' dir='ltr'><strong>Regeuu</strong></span> 
     </span>
    </p>
   </div>
   <div class='ocr_carea' id='block_1_17' title="bbox 0 0 1582 5186">
    <p class='ocr_par' dir='ltr' id='par_1_17' title="bbox 0 0 1582 5186">
     <span class='ocr_line' id='line_1_37' title="bbox 0 0 1582 5186; baseline 0 0"><span class='ocrx_word' id='word_1_246' title='bbox 0 0 1582 5186; x_wconf 95' lang='lat' dir='ltr'><strong> </strong></span> 
     </span>
    </p>
   </div>
  </div>
 </body>
</html>
