3206 5184
764 263 923 398 ..se-⁴„

281 495 386 564 eunde
401 494 546 581 proxime
572 501 647 582 post
677 495 794 560 festum
827 496 920 564 Beati
950 497 1038 562 Luce
1068 494 1287 581 Euangeliste
1319 517 1403 565 anno

280 603 413 672 Domini
428 603 601 670 millesimo
628 600 838 670 000⁰LXX⁰
869 603 969 671 tercio
1000 605 1189 689 preteritum
1221 606 1256 670 in
1289 605 1407 673 Nostra

282 709 477 779 serenitatis
494 715 670 796 conspecto
686 715 924 798 comparentes,
957 717 1072 778 contra
1101 711 1276 780 Nicolaum
1307 713 1409 778 lilium

282 818 415 886 Hahold
431 817 591 902 quasdam
608 818 736 886 litteras
753 816 899 902 Capituli
914 817 1063 885 lloolesie
1095 819 1249 887 albensis
1279 821 1340 888 stb.
1372 819 1408 885 in

283 932 427 995 nostrum
444 923 623 994 eduxerant
639 931 847 1009 conspectum
879 926 1049 1010 habentes,
1080 927 1167 1012 quod
1197 928 1232 994 in
1264 927 1412 1012 personis

284 1037 428 1121 ipsorum
442 1032 584 1099 Palatini
601 1039 633 1098 et
648 1031 816 1118 Woyuode
828 1032 1029 1118 fratrumque
1039 1053 1148 1100 eorum
1158 1033 1277 1102 Nostre
1286 1035 1410 1101 dietum

285 1141 402 1210 luisset
417 1138 589 1226 llaiestati,
606 1137 692 1224 qood
707 1139 867 1206 Nicolaus
882 1137 968 1206 illius
979 1140 1110 1208 Nicolai
1122 1141 1162 1207 de
1174 1141 1306 1226 Haholt,
1321 1161 1411 1208 asse·

286 1269 360 1316 rens
373 1253 450 1340 jara
466 1268 526 1315 sna
542 1246 803 1333 possessionaria
819 1265 897 1331 erga
913 1249 1044 1316 eosdem
1060 1249 1255 1334 Palatinum,
1271 1250 1412 1336 Woyno

288 1357 375 1443 dam,
391 1364 424 1423 et
439 1355 556 1422 iratres
572 1354 717 1440 ipsorum
734 1354 884 1440 existere,
902 1355 1044 1422 obmissa
1060 1375 1193 1440 prorsus
1209 1355 1412 1424 consuetudi·

287 1464 381 1531 naria
394 1463 469 1548 lege
484 1461 588 1546 Regni
603 1461 705 1530 nostri
720 1463 763 1528 ab
779 1461 917 1546 antiquo
935 1470 1103 1551 consucta,
1119 1482 1261 1532 necnon
1281 1483 1413 1531 suorum

283 1571 415 1658 jurium,
432 1567 461 1638 si
478 1587 540 1653 qne
555 1568 692 1636 haberet
706 1570 794 1636 circa
812 1568 954 1656 easdenq
984 1570 1181 1637 execuoione
1211 1577 1414 1656 postergata,

193 1695 195 1700 ’
288 1678 388 1746 tacita
402 1678 541 1746 veritate
556 1686 589 1744 et
603 1683 759 1763 suggesta
778 1675 938 1762 falsitate,
954 1677 1182 1764 multipharias
1198 1678 1325 1745 litteras
1343 1699 1414 1762 pro·

289 1784 532 1868 testationales,
549 1783 783 1870 inquisitoriaa,
799 1783 1032 1870 prohibitorias
1049 1793 1082 1853 et
1105 1785 1344 1874 affirmatorias,
1376 1805 1417 1851 ae

291 1893 377 1961 alias
389 1892 456 1978 juri
486 1893 631 1978 ipsorum
665 1891 922 1976 possessionario
952 1892 1187 1978 derogatorias,
1217 1892 1352 1960 silenter
1383 1899 1418 1960 et

292 2000 416 2067 occulte
431 2007 544 2067 eontra
558 1999 647 2084 ipsos
663 1999 809 2067 emanari
826 2000 937 2084 lacere
968 2007 1183 2086 procurasset,
1214 2007 1248 2068 et
1278 2005 1419 2086 protunc

292 2114 489 2195 procuraret.
525 2105 616 2174 Vnde
632 2107 708 2194 quia
723 2128 783 2174 nos
800 2107 841 2176 de
873 2108 994 2176 talibus
1026 2107 1147 2175 dolosis
1178 2116 1210 2177 et
1242 2107 1417 2174 muteloais

292 2215 393 2300 gestis
410 2223 442 2283 et
457 2213 576 2299 iniquis
591 2215 805 2300 processibus,
829 2237 869 2284 ne
895 2234 952 2302 per
982 2216 1044 2282 hoo
1075 2215 1150 2283 iura
1180 2213 1417 2300 regnicolarum

293 2332 471 2392 noseorum
487 2322 748 2407 possessionaria
765 2324 799 2389 in
816 2323 961 2392 futurum
978 2322 1152 2408 periclitari
1179 2322 1418 2406 contingerent,

293 2430 508 2499 voluissemus
525 2447 605 2494 sane
621 2429 792 2513 inuigilare
805 2455 813 2516 ;
839 2429 914 2498 ideo
929 2431 1026 2498 nobis
1041 2429 1315 2498 committentibus
1331 2429 1419 2497 idem

293 2537 449 2606 Nicolaus
464 2534 549 2602 tilius
564 2533 691 2602 Nicolai
708 2536 793 2603 leria
809 2545 933 2621 quarta
948 2539 1096 2623 proxima
1124 2543 1198 2622 post
1223 2537 1420 2604 dominicam

182 2659 183 2662 ’
294 2643 512 2712 Reminisoere
527 2642 672 2729 proxime
688 2651 764 2709 tuno
790 2647 978 2730 preteritam
1010 2665 1069 2730 per
1099 2652 1246 2712 nostrum
1277 2653 1309 2711 et
1340 2644 1421 2711 dicti

295 2750 438 2836 Capituli
453 2751 601 2818 homines
615 2749 648 2816 in
667 2750 873 2835 possessione
889 2770 949 2819 sua
965 2750 1077 2818 Bodon
1096 2759 1212 2821 vocata
1241 2773 1314 2820 cum
1349 2753 1419 2820 vni-

296 2859 398 2926 uersis
415 2858 608 2926 litteralibus
624 2858 692 2925 suis
708 2858 933 2926 instrumentis
948 2878 1007 2925 seu
1023 2859 1240 2946 munimentis,
1256 2860 1284 2927 si
1302 2879 1367 2946 que
1387 2861 1422 2926 in

294 2968 380 3035 dicto
391 2966 512 3052 jurium
528 2985 657 3034 suorum
674 2967 1017 3054 possessionariorum,
1033 2988 1096 3051 qne
1112 2988 1192 3052 erga
1206 2970 1296 3054 ipsos
1324 2968 1416 3034 l'ala-

294 3079 406 3158 tinum,
422 3073 637 3160 Woyuodam,
653 3071 837 3158 fratresque
855 3093 1055 3144 commosse
1080 3076 1256 3164 allegerat,
1288 3076 1425 3144 liaberet

294 3181 451 3264 conlecta,
483 3181 595 3248 eontm
611 3180 741 3249 eosdem
758 3181 801 3247 ad
818 3190 951 3249 ootanas
969 3181 1034 3250 diei
1050 3183 1148 3268 medij
1167 3183 1419 3268 quadragesime

296 3298 372 3356 tuno
388 3287 428 3355 de
444 3308 528 3355 nouo
546 3290 728 3377 preteritas,
745 3289 818 3356 sine
834 3289 1072 3358 crastinaeione
1087 3290 1120 3355 in
1148 3289 1331 3376 Specialem
1356 3284 1422 3356 No·

295 3405 364 3463 stre
379 3395 562 3463 Maiestatis
579 3397 785 3464 hesenolam
802 3403 954 3464 euocatus
971 3397 1131 3463 extitisset
1147 3399 1229 3482 stlr.;
1255 3399 1333 3480 qnia
1358 3399 1421 3463 stb.

297 3503 411 3570 eadem
426 3523 528 3570 causa
558 3504 643 3570 inter
676 3512 786 3588 partes
819 3503 1034 3573 diueraimode
1066 3503 1224 3572 ventilata
1256 3513 1424 3588 presentes

299 3615 433 3674 octauas
448 3607 523 3674 festi
540 3608 784 3676 Purifioaeionis
800 3607 901 3675 Beate
918 3609 1061 3693 Virginis
1077 3609 1173 3678 modo
1189 3611 1342 3680 dilatorio
1352 3613 1426 3677 atti·

299 3717 417 3799 gisset3
441 3713 583 3800 denique
599 3715 680 3801 ipsis
697 3716 822 3782 octenis
838 3717 1045 3802 instantibus,
1077 3718 1272 3803 interimque
1297 3719 1424 3804 prefato

298 3821 446 3889 Emerioo
462 3822 625 3909 Palatino,
653 3829 686 3888 et
702 3822 869 3907 Stephano
886 3823 952 3890 lllio
968 3823 1060 3889 Petri
1075 3825 1117 3891 de
1142 3825 1251 3894 medio
1283 3825 1421 3892 sublatis

299 3930 360 3996 stb.
377 3931 482 4015 primo
499 3927 680 4013 prelibatus
697 3928 884 4014 Stephanus
900 3930 1074 4014 Woyuoda
1089 3932 1154 3997 tria
1169 3931 1343 4018 priuilegia
1359 3929 1418 3997 stb.

299 4045 410 4104 nostro
427 4037 535 4104 offerri
552 4036 679 4103 curauit
695 4025 835 4103 examini
846 4037 1024 4122 judiciario
1039 4039 1103 4108 stb.
1113 4039 1260 4106 Tandem
1277 4047 1427 4125 prenota-

300 4165 355 4210 sus
372 4143 525 4212 Nicolaus
542 4145 627 4212 lilius
643 4146 772 4213 Nicolai
789 4151 860 4212 octo
876 4147 1053 4232 priuilegia
1070 4149 1134 4214 stb.
1153 4147 1248 4214 simul
1263 4166 1337 4214 cnm
1355 4144 1428 4228 alijs

303 4250 421 4336 viginti
437 4251 567 4320 duabus
584 4251 703 4321 litteris
719 4256 780 4321 stb.
799 4263 941 4322 nostrum
969 4255 1122 4340 produxit
1150 4255 1182 4320 in
1213 4259 1428 4340 conspectum

303 4359 445 4436 Quorum
479 4359 611 4443 quidem
642 4361 888 4447 priuilegiorum
920 4363 1058 4446 primum
1090 4364 1151 4431 stb.
1209 4363 1318 4429 Tonor
1347 4361 1429 4428 enim

312 4465 407 4533 unius
424 4464 580 4534 dictorum
598 4468 843 4554 priuilegiorum
860 4469 1003 4556 ipsorum
1018 4469 1054 4537 P.
1072 4470 1223 4556 Episcopi
1238 4477 1271 4537 et
1285 4471 1322 4537 R.
1348 4470 1430 4535 Beni

322 4594 410 4646 anno
426 4573 558 4644 Domini
575 4575 772 4649 M⁰000Lx0
788 4585 903 4667 quarto
919 4579 1059 4646 conlecti
1074 4599 1132 4670 per
1142 4578 1272 4650 eosdem
1297 4578 1426 4670 Episco-

1589 4015 1591 4110 l

1587 4121 1591 4392 ἒ

1530 4901 1591 5182 r
