3228 5198
698 358 718 422 5

134 548 401 616 ·deoertauerunt
425 549 570 616 Tandem
587 548 733 618 hostibus
748 551 853 635 victis,
870 557 902 618 et
928 569 969 618 ex
993 557 1086 636 parte
1111 550 1207 633 cesis,
1244 552 1277 615 et

136 677 184 723 ex
201 663 297 742 parte
312 654 421 740 captis
439 661 472 722 et
491 655 649 741 alligatis,
665 657 741 724 Dux
757 659 859 726 victor
875 677 946 726 cum
964 657 1031 724 sois
1043 655 1275 725 victertedona

143 761 333 846 reportanit.
374 760 581 848 Quapropter
596 765 861 850 possessionibus
888 785 999 832 eorum
1025 772 1092 829 tam
1118 763 1154 829 in
1180 761 1297 846 agris.

142 886 240 952 quam
272 869 307 936 iu
338 869 439 948 uillis,
468 870 637 955 sapienter
661 868 870 955 diiudicault3
893 889 958 937 non
990 870 1075 937 siem
1106 867 1271 952 quenulam

37 1062 42 1071 Ι
142 977 231 1060 Saul,
249 977 305 1060 qui
318 975 447 1044 deuicto
464 977 559 1062 agag
575 977 666 1063 Rege
682 978 840 1045 Amalech
856 978 898 1044 de
914 977 1029 1062 spoliis
1045 975 1193 1044 eiusdem
1208 978 1272 1044 Do·
1332 1021 1336 1032 ·

141 1085 230 1150 mino
246 1081 437 1169 prohibente
462 1087 597 1152 meliora
621 1086 777 1169 elegerat.
817 1085 883 1156 Sed
915 1084 1068 1170 quoniam
1099 1081 1272 1152 Pannonis
1344 1151 1349 1162 ,

140 1191 236 1259 Beati
268 1192 436 1260 Pontificis
466 1191 598 1260 Martini
631 1193 805 1260 natiuitate
834 1194 1003 1278 gloriatur,
1040 1193 1130 1260 cuius
1165 1191 1267 1258 eciam

141 1298 425 1384 patrocinantibus
442 1301 565 1367 meritis
583 1301 632 1366 uir
649 1299 777 1367 Christo
793 1299 910 1388 tidelis,
926 1308 961 1366 rt
978 1299 1182 1368 iamdictam
1213 1303 1273 1376 est,

141 1404 181 1474 de
195 1405 346 1474 hostibus
363 1407 533 1474 victoriam
552 1407 749 1494 reportante
769 1406 871 1476 nichil
895 1427 938 1476 ex
962 1409 1058 1476 rebus
1085 1427 1194 1476 cerum
1227 1404 1272 1473 ad

143 1535 228 1600 opus
244 1515 296 1582 sui
315 1533 499 1599 reseruans,
516 1517 597 1581 inito
614 1535 684 1582 cnm
702 1515 877 1600 theophilis
903 1516 1049 1598 consilio,
1075 1517 1167 1584 iuxta
1197 1514 1272 1582 lun·

140 1621 218 1689 dum
233 1621 341 1688 sancti
358 1624 507 1708 presulis,
525 1626 557 1687 in
575 1623 649 1690 loco
664 1625 719 1710 qui
738 1621 836 1692 Seuer
851 1621 1089 1708 llonsdicitur,
1105 1623 1160 1688 rbi
1187 1621 1270 1689 San·

138 1737 212 1796 ctus
228 1729 402 1814 Martinus,
420 1729 495 1794 dum
514 1728 622 1796 adhuc
637 1731 669 1796 in
686 1731 856 1799 Pannonia
872 1729 1015 1815 degeret,
1034 1730 1268 1798 oracionissibi

38 1868 44 1877 ·
140 1840 249 1904 locum
265 1838 503 1922 assignauerat,
520 1838 580 1904 sub
597 1838 694 1906 titulo
710 1837 814 1924 ipsius
831 1839 1063 1906 monasterinm
1080 1846 1267 1904 construere

140 1945 239 2028 cepit,
256 1943 517 2028 possessionibus
549 1953 581 2012 et
611 1944 805 2032 redhibitus,
837 1946 1025 2028 cunctisque
1055 1942 1269 2028 sufficieneijs

139 2051 276 2134 dotauit,
292 2057 324 2116 et
340 2051 446 2136 ipsius
464 2051 619 2136 suffragio
636 2049 829 2120 domitorum
856 2050 1131 2119 decimacionibus
1163 2051 1271 2118 simile

137 2161 218 2226 fecit
234 2159 430 2245 Episcopijs,
449 2161 649 2226 constituens
676 2178 716 2225 ex
743 2179 852 2227 eorum
878 2159 1027 2226 omnibus
1060 2157 1271 2226 facultatibus

139 2277 208 2335 tam
225 2268 338 2336 stricte
353 2265 498 2332 decimas
514 2266 596 2350 dari,
616 2274 649 2332 rt
670 2267 698 2334 si
715 2270 769 2333 cui
785 2267 896 2334 decem
913 2267 1035 2334 liberos
1051 2265 1173 2334 habere
1197 2286 1270 2333 con·

138 2377 294 2458 tingeret,
310 2372 469 2440 decimam
485 2375 609 2460 prolem
626 2371 737 2440 Sancti
753 2375 885 2440 Martini
903 2373 1044 2440 Oeuobio
1060 2373 1184 2438 daret«

249 2480 319 2547 Nos
335 2481 434 2564 igitur
450 2483 686 2567 expeticionem
715 2483 932 2568 procuratoris
958 2481 1116 2546 dictorum
1142 2479 1268 2548 domiui

138 2589 282 2657 Abbatis
299 2595 331 2654 et
347 2588 535 2655 conuentus
553 2587 593 2655 dc
611 2589 846 2656 constitucione
862 2597 894 2657 et
906 2587 1117 2655 ordinacione
1127 2589 1271 2655 Sanctis·

38 2740 44 2751 ·
138 2697 215 2766 simi
230 2696 332 2780 Regis
348 2696 508 2780 Stephani
525 2697 646 2764 iustam
673 2698 744 2764 lore
776 2704 808 2763 et
840 2699 951 2764 utilem
986 2701 1267 2780 recognoscentes,

139 2825 230 2871 more
246 2804 402 2888 premisso
418 2805 477 2871 sub
494 2811 605 2870 nostro
626 2804 735 2887 sigillo
751 2805 886 2872 rescribi
903 2803 1049 2886 fecimus,
1069 2807 1100 2868 et
1116 2803 1159 2870 ad
1171 2807 1271 2872 maio-

138 2933 210 2978 rem
227 2911 388 2979 cautelam
403 2911 580 2976 munimine
597 2911 698 2994 sigilli
717 2911 820 2979 nostri
830 2909 1010 2978 authentici
1020 2911 1271 2997 publicauimus.

4 2985 6 3056 Ὺ
134 3022 176 3086 ln
195 3020 288 3086 cuius
304 3021 351 3086 rei
368 3018 585 3086 testimonium
603 3029 858 3103 perpetuamque
874 3020 1083 3088 stabilitatem
1101 3025 1271 3104 presentes

138 3129 267 3195 litteras
293 3131 421 3192 nostras
454 3122 680 3208 priuilegiales
711 3125 858 3192 emanari
892 3124 1037 3208 lecimus,
1069 3127 1271 3210 appensione

4 3238 6 3302 ἰ
138 3233 274 3302 maioris
290 3231 393 3314 sigilli
408 3231 512 3298 nostri
528 3228 723 3296 roborando.
762 3231 884 3300 Datum
912 3249 970 3318 per
995 3251 1108 3298 manus
1135 3230 1270 3300 discreti

136 3345 202 3410 riri
219 3337 369 3424 Magistri
385 3338 545 3421 Demetrij
564 3337 714 3406 hectoris
738 3339 884 3406 Ecclesie
912 3345 1021 3406 nostre
1047 3336 1128 3404 feria
1154 3346 1270 3423 quarta

137 3452 290 3536 proxime
305 3451 379 3533 post
394 3445 591 3514 dominicam
608 3447 629 3514 J
632 3447 739 3534 odico,
757 3467 842 3514 anuo
859 3448 988 3514 Domini
1006 3446 1180 3514 millesimo
1208 3459 1269 3514 tre-

137 3559 319 3627 centesimo
336 3555 615 3640 quinquagesimo.
676 3559 678 3564 '

248 3753 325 3819 Ide
347 3752 637 3819 ezhrnltando
663 3754 771 3835 meg:

256 3949 291 4036 1)
310 3952 341 4018 Α
357 3917 628 4038 ozelteescbe'rvciri
645 3951 871 4036 keptolenuolc
887 3953 936 4018 le't
951 3955 1163 4038 hiadedaya:

248 4093 284 4179 a)
309 4092 498 4178 Capitulum
514 4093 663 4162 Ecclesia
679 4092 832 4161 Albensis
850 4094 997 4161 omnibus
1016 4091 1134 4160 christi
1170 4093 1272 4161 uueli-

129 4205 202 4270 'bus
220 4209 289 4268 tam
307 4202 513 4286 presentibus
529 4219 625 4286 quam
644 4199 760 4268 luteris
776 4211 959 4288 presentem
976 4201 1132 4287 paginam
1147 4201 1273 4286 inspec-

133 4311 220 4377 turis
236 4309 377 4376 salutem
393 4308 427 4375 in
443 4327 492 4394 eo,
510 4309 564 4391 qui
580 4317 630 4376 est
646 4327 724 4376 vera
740 4309 840 4396 salus,
858 4309 940 4376 dans
958 4308 1097 4393 quictem
1131 4309 1270 4378 homiui·

133 4418 208 4484 hus.
231 4414 287 4483 Ad
302 4416 525 4484 uniuersorum
541 4414 696 4482 noticiam
712 4413 827 4483 harum
845 4417 929 4483 serie
946 4417 1094 4484 volumus
1104 4417 1270 4503 peuenire,

77 4519 82 4524 ’
135 4520 321 4605 quodlicet
336 4523 371 4588 in
387 4533 484 4589 antea
500 4521 708 4591 honorabiles
726 4521 796 4607 riri,
815 4523 961 4606 religiosi
988 4531 1019 4590 ct
1046 4525 1116 4592 Deo
1147 4524 1268 4604 deuoti,

126 4629 237 4696 frater
254 4627 444 4713 vilhelmus,
461 4627 525 4696 Dei
542 4633 574 4696 et
589 4627 777 4716 apostolice
793 4627 888 4696 Sedis
905 4629 1020 4714 gracia
1035 4630 1148 4698 Abbas
1175 4630 1270 4698 Sacri
