3228 5198
16 509 18 592 Ξ
79 559 148 628 quas
162 539 270 608 nnlins
284 547 430 608 nostrum
442 541 564 609 civium
580 540 701 608 audeat
717 537 879 608 adducere
895 539 1114 606 Nortmannos
1130 543 1187 602 aut

75 654 236 716 miraneos
251 649 285 716 in
301 647 513 735 Dalmatiam,
530 655 586 716 aut
600 667 659 732 per
673 669 709 718 se
724 649 843 734 ipsum,
869 647 921 712 vel
947 645 1063 731 quovis
1093 645 1185 729 inge·

16 813 18 820 ,
71 758 130 824 uio.
153 756 188 823 Si
204 756 277 841 quie
292 762 401 823 antem
417 753 514 822 huius
530 755 663 824 sceleris
677 754 1063 846 prevaricatorinventns
1079 751 1186 835 luerit,

76 869 148 932 etse
162 863 289 949 legibus
305 881 466 932 excusare
483 883 548 930 non
564 863 694 948 poterit,
727 861 857 930 amittat
886 861 987 930 vitam
1018 880 1121 940 suam,
1154 868 1186 928 et

68 971 215 1058 ¹quicquid
230 970 377 1058 possidet
391 971 426 1036 in
441 971 502 1039 hoc
519 971 640 1054 seculo,
655 969 863 1039 medietatem
878 967 912 1035 in
928 964 1065 1036 Gamera
1073 967 1194 1053 Ducis.

16 1105 18 1112 ·
71 1079 317 1148 etmedietatem
333 1076 471 1164 civibus,
487 1077 603 1163 quain
619 1076 752 1146 civitate
782 1075 1004 1164 prevaricator
1035 1077 1187 1146 inventus

16 1251 17 1258 ,
68 1184 159 1254 inerit
171 1207 230 1272 per
245 1183 405 1271 iudicem,
424 1206 503 1272 erga
518 1186 699 1252 Romanam
731 1185 849 1270 legem,
881 1206 945 1270 qne
975 1185 1009 1252 in
1041 1183 1186 1270 presenti

16 1313 17 1318 ¹
73 1293 184 1378 pagina
199 1295 325 1378 scripta
338 1312 412 1361 csse
427 1289 577 1374 misatur
592 1290 626 1358 in
641 1297 758 1377 quarto
773 1291 917 1377 capitulo
927 1291 1074 1360 ciusdem
1084 1289 1187 1376 legis:

16 1389 18 1394 ¹
71 1399 169 1479 ‘Quia
183 1404 214 1469 si
229 1400 303 1486 quis
318 1399 468 1468 inimicos
484 1399 570 1468 infra
585 1400 786 1485 provinciam
801 1399 988 1470 invitaverit
1003 1411 1060 1470 aut
1087 1404 1185 1471 intro·

68 1506 198 1597 iurent,
216 1508 327 1578 anime
341 1528 400 1578 sue
416 1508 559 1578 incurrat
574 1508 765 1596 periculum,
782 1515 815 1576 et
829 1529 882 1578 res
899 1511 969 1580 eius
994 1509 1195 1598 (interantur-

16 1601 21 1688 ,ἶ
70 1616 104 1680 in
117 1616 311 1704 erarium.)‹.

16 1693 18 1846 ξ
167 1723 305 1810 Signum
344 1743 459 1791 manus
492 1723 614 1792 Prioris
648 1723 816 1809 Spalatine
847 1722 1000 1794 Civitatis
1031 1727 1188 1812 Stephani
1301 1727 1306 1742 “

16 1921 18 1940 y
16 1827 187 1917 etatae,
205 1849 262 1915 qur
252 1829 340 1898 hoc
355 1829 483 1916 rogavit
499 1829 588 1917 lieri3
612 1837 644 1898 et
659 1830 841 1900 successive
857 1834 997 1900 omnium
1014 1836 1069 1917 qui
1088 1854 1187 1923 supra

68 1938 228 2004 nominati.

16 2001 20 2132 ζ
169 2045 239 2129 Ego
255 2043 448 2113 Laurentius
465 2046 586 2114 Sancte
601 2046 791 2116 Salonitane
807 2048 951 2118 Ecclesia
961 2049 1186 2136 Archiepisoo·

16 2142 20 2272 p
70 2171 126 2234 pus
140 2152 265 2221 ratifieo
282 2158 314 2220 et
330 2152 495 2221 confirmo.
684 2261 691 2275 .

16 2281 20 2418 ,
169 2259 241 2344 ligo
257 2259 429 2327 Forminus
444 2260 609 2330 Nouensis
632 2261 821 2348 Episcopus.

16 2497 19 2650 l

16 2627 30 2702 l

168 2367 242 2450 ligo
258 2368 429 2445 Jo(annes)
444 2366 556 2435 Abbas
570 2368 682 2436 Sancti
699 2368 926 2438 Bartholomei.

169 2474 240 2555 Ego
256 2473 460 2542 Prostantins
476 2473 657 2561 Episcopus
671 2475 928 2562 Belgradiensis.

173 2581 288 2646 Petrus
304 2579 447 2648 Hencius
463 2580 576 2649 Sancti
592 2582 694 2650 liarci
710 2583 888 2671 Diaconos,
907 2593 939 2653 et
955 2587 1054 2655 Ducis
1086 2589 1189 2656 Vene-

16 2707 26 2774 p
77 2686 114 2750 tie
128 2685 288 2753 Dominici
303 2684 396 2753 silvii
422 2683 628 2774 Capelianus,
660 2697 792 2774 rogatus
823 2711 844 2757 a
874 2690 970 2760 dictis
1002 2694 1188 2765 hominibus

16 2779 18 2798 '
78 2793 178 2878 scripsi
194 2800 227 2861 et
242 2795 402 2881 complevi
421 2796 564 2864 feliciter.

78 2990 189 3054 ilrjubics
207 2992 314 3054 Slmon,
333 2993 519 3046 Monumenta
537 2995 695 3059 spectantia
724 2996 871 3048 historiam
900 2998 1048 3050 slavorum
1077 3001 1190 3052 Meridi-

344 3085 469 3134 0nalium
488 3085 509 3134 1.
531 3084 589 3134 nec.
609 3085 720 3152 Zagrab
742 3089 817 3136 1868.
839 3093 862 3136 2.
883 3084 914 3154 l.)

500 3387 763 3400 m

617 3919 645 3986 t.

76 4109 194 4178 ’ἰθεῖα
211 4115 325 4200 kirdly
340 4117 479 4201 olopr'tja
496 4141 517 4180 a
536 4115 660 4184 Garum
675 4117 801 4186 moltero·
830 4120 1076 4188 orent-benedeki
1100 4129 1194 4211 aprit-

520 4230 618 4311 sapor.
644 4228 740 4293 1075.

171 4415 297 4484 Amicis
321 4417 389 4488 suis
413 4420 611 4490 &uerendis
644 4421 824 4490 Conuentui
848 4425 995 4493 Ecclesia
1018 4425 1193 4524 Zoborien-

70 4519 115 4585 ris
128 4519 285 4592 Nicotaus
300 4522 342 4592 dc
358 4523 448 4595 (lara
471 4529 578 4615 Regni
594 4527 762 4616 Hungarie
776 4531 947 4601 Palatinus
964 4539 995 4600 et
1009 4529 1116 4603 ludex
1132 4533 1193 4602 tlo-

72 4642 236 4697 rmnorum
250 4631 432 4702 amiciciam
449 4643 595 4721 paratam
611 4655 683 4705 cunr
698 4639 827 4707 honore.
838 4639 1019 4724 Noueretis,
1031 4641 1115 4728 qnod
1127 4643 1192 4709 tra-

1050 4749 1090 4817 20
