3184 5186
849 336 1010 436 „gro-

470 524 514 614 llt
526 543 588 610 ego
603 527 781 598 Garrasius
797 529 984 600 Communis
1001 531 1153 617 tragurij
1171 532 1307 602 duratus
1333 535 1496 610 Notarius
1515 610 1516 613 Ἴ

363 629 540 756 aPascplo
557 654 629 702 cum
644 635 742 704 Helia
757 637 842 704 banc
858 645 980 706 cartam
1007 637 1122 725 scripsi
1154 646 1186 706 et
1215 641 1311 726 signo
1343 648 1507 710 consueto-

363 757 503 822 rrgnaur.

579 940 700 1000 (Parieti
720 939 867 1006 Illyricum
885 943 1001 994 Sacrum
1020 943 1069 994 Π.
1088 944 1149 995 ket.
1169 948 1230 995 ste.
1245 945 1274 1008 l.)

890 1721 966 1790 332.

359 1915 419 1986 IV.
435 1919 518 1986 Bc'ln
547 1917 719 2004 kirdlynulc
743 1939 763 1982 o
785 1917 1020 2000 pacuoubalmi
1042 1922 1187 2006 opa'tsa'p
1202 1921 1313 2007 jopuit
1337 1929 1503 2010 tdrpycao'
1590 1945 1591 1988 f

690 2045 777 2112 napy
797 2025 1040 2110 priuilcpiumo.
1056 2024 1155 2090 1260.

468 2221 550 2290 Bela
564 2221 627 2287 Dei
641 2219 756 2304 gracia
780 2219 958 2306 Hungarie,
984 2221 1164 2306 Dalmaoie,
1199 2221 1345 2311 Groacie,
1376 2227 1502 2307 Rama,

357 2330 483 2416 Seruis,
499 2326 650 2414 Gallicis,
665 2326 866 2413 Lodomerie,
882 2328 1102 2412 Cumanieque
1126 2331 1196 2398 Rex
1220 2331 1369 2402 omuibus
1390 2355 1494 2419 quam

357 2436 562 2523 presentibus
578 2455 677 2520 quam
692 2435 809 2503 futuris
826 2440 995 2521 presentes
1026 2435 1151 2503 litteras
1176 2438 1371 2524 inspecturis
1401 2443 1497 2524 salu,

357 2549 423 2610 tem
440 2542 476 2608 in
491 2543 632 2608 omnium
648 2541 820 2611 atuaurc.
861 2541 905 2608 Ut
921 2539 1089 2610 eelsitudo
1105 2545 1209 2628 Regia
1224 2545 1401 2631 priuilegia
1430 2549 1497 2618 Ee-

357 2649 529 2718 olesiarum
544 2669 687 2736 suarum,
702 2671 765 2736 que
780 2651 960 2718 casualiter
977 2650 1144 2719 maculata
1160 2659 1235 2719 sunt
1251 2659 1283 2719 et
1309 2653 1494 2744 confracta,

358 2767 492 2826 renouat
509 2766 541 2828 et
556 2759 731 2843 confirmet,
748 2759 856 2844 pietas
871 2760 997 2847 suadet,
1016 2760 1106 2827 racio
1122 2759 1279 2846 postulat,
1291 2762 1496 2846 justiciare·

356 2868 477 2954 quirit;
500 2867 642 2933 maxime
658 2886 730 2934 cum
748 2865 782 2933 id
797 2865 1022 2934 inconcussum
1038 2874 1238 2952 permaneat,
1269 2867 1358 2951 quod
1383 2870 1491 2955 Regio

356 2975 455 3042 fucrit
469 2973 652 3060 patrocinio
667 2981 871 3041 renouatum.
904 2973 1044 3042 Proinde
1075 2973 1118 3041 ad
1148 2976 1374 3042 uniuersorum
1407 2978 1493 3045 noti-

357 3083 442 3150 ciam
458 3080 786 3166 tencre'preseuciuun
804 3082 955 3148 uolumus
972 3079 1153 3168 peruenire,
1171 3081 1259 3166 qnod
1285 3081 1428 3153 dilectus
1456 3097 1491 3151 et

356 3188 464 3258 tidelis
480 3193 592 3254 noster
607 3188 717 3254 Fauna
733 3186 931 3256 venerabilis
947 3186 1062 3255 Abbas
1078 3186 1226 3254 Ecclesic
1258 3187 1372 3254 Sancti
1403 3193 1492 3260 blar-

356 3298 418 3366 tini
435 3297 476 3363 de
491 3294 591 3362 Sacro
605 3295 716 3364 Monte
730 3293 909 3382 Pannonia,
939 3293 982 3360 ad
999 3301 1145 3386 nostram
1175 3293 1385 3363 accendendo
1417 3319 1493 3386 pre-

356 3405 512 3488 senciam,
527 3399 737 3488 priuilegium
753 3400 819 3467 iam
836 3400 956 3468 dudum
974 3421 995 3468 a
1011 3401 1106 3469 nobis
1123 3402 1331 3488 impetratum
1358 3423 1493 3492 corrup·

356 3520 424 3580 tum
440 3513 474 3578 iu
489 3509 601 3594 sigillo
618 3509 698 3576 etin
715 3510 831 3578 litteris
847 3509 882 3576 in
898 3508 1095 3594 quibusdam
1112 3509 1194 3577 locis
1209 3529 1267 3596 per
1282 3508 1492 3582 stillicidium

358 3618 556 3686 maculatum
573 3616 667 3686 uobis
684 3618 811 3686 curauit
827 3615 986 3700 exhibere,
1004 3616 1205 3704 supplicans,
1222 3623 1257 3683 ut
1273 3615 1361 3684 idern
1377 3626 1493 3688 nostro

355 3725 564 3812 dignaremur
579 3725 697 3794 iterato
712 3723 886 3812 priuilegio
902 3724 1099 3792 confirmare.
1130 3723 1229 3790 Cuius
1246 3723 1377 3807 quidem
1393 3731 1493 3795 tenor

354 3835 430 3905 talis
447 3841 515 3903 est:

463 3945 502 4010 Iu
518 3941 648 4009 nornine
662 3940 783 4008 Sancte
798 3939 970 4007 Trinitatis
985 3946 1019 4006 et
1032 3937 1208 4012 Indiuidua
1222 3937 1376 4008 Unitatis.
1403 3939 1492 4008 Bela

354 4050 417 4118 Dei
433 4049 546 4136 gracia
561 4047 738 4132 Hungaric,
756 4045 935 4133 Dalmacie,
953 4046 1228 4133 Oroacie,Ran1e,
1254 4044 1381 4132 Seruio,
1409 4045 1492 4115 Gal-

352 4158 438 4242 licie,
456 4155 710 4239 Lodomeriequc
725 4157 794 4222 Rex
826 4155 1062 4241 inperpetuum.
1099 4153 1196 4219 Urias
1227 4153 1340 4219 Abbas
1371 4151 1491 4224 Sancti

353 4264 487 4332 Martini
504 4262 545 4329 de
561 4263 661 4330 Sacro
677 4264 790 4329 Monte
804 4262 975 4329 Pannonio
1001 4281 1022 4327 a
1046 4259 1140 4326 uobis
1172 4257 1288 4327 deuote
1321 4260 1424 4346 pecijt
1456 4270 1494 4330 et

353 4373 526 4456 instanter,
541 4376 577 4436 ut
592 4368 766 4455 priuilegia
783 4388 846 4454 que
861 4369 904 4436 ab
920 4365 1183 4435 antecessoribus
1200 4363 1322 4433 nostris
1341 4368 1495 4454 Regibus

354 4478 524 4564 Huugarie
539 4498 560 4545 a
575 4485 719 4563 tempore
735 4477 849 4544 Sancti
865 4475 963 4561 Regis
980 4475 1138 4559 Stephani
1154 4473 1278 4558 babuit,
1294 4477 1493 4547 transscribi

354 4589 543 4670 taceremus,
561 4592 718 4653 eteorum
735 4583 938 4671 exemplaria
954 4583 1056 4652 nostri
1072 4588 1238 4650 caractere
1254 4580 1359 4666 sigilli
1386 4583 1494 4650 muni·
