3116 5186
781 347 937 446 Q

298 545 405 631 Detlip
423 545 468 612 ne
484 543 602 630 Mayad
618 545 796 628 citanisset,
814 545 846 610 in
864 545 953 610 cuius
971 542 1143 628 presencia
1159 543 1230 630 ipse
1246 545 1283 610 Τ.
1296 563 1351 608 eos
1362 557 1423 626 pro

196 739 198 744 ,
228 723 231 730 ι
299 651 414 718 eadem
432 672 532 720 causa
561 661 729 720 remanere
760 652 905 736 lecisset,
931 649 1063 718 mntem
1095 669 1170 718 vero
1201 649 1422 718 mediantibus

297 761 388 825 bonis
405 760 483 826 viris
501 764 533 823 ct
548 760 825 845 componentibus,
842 759 994 826 videlicet
1011 759 1167 843 Magistro
1182 757 1356 841 Demetrio,
1389 759 1425 822 et

297 867 438 934 omnium
455 867 648 934 villanorum
665 869 706 934 de
723 867 845 954 Musey,
862 869 960 933 talem
978 867 1062 932 inter
1089 886 1146 933 eos
1171 886 1285 950 paoem
1317 863 1424 930 reior-

298 981 485 1059 mauernut;
511 975 597 1056 qnod
613 975 673 1059 ipsi
690 974 814 1042 Thome
831 982 950 1041 terram
968 973 1097 1040 nomine
1123 973 1216 1038 Enud
1241 971 1425 1038 aduersarii

182 1099 189 1104 “
297 1084 347 1151 sui
364 1083 502 1169 predicti
518 1084 679 1152 communi
697 1084 829 1151 consilio
846 1083 1053 1166 reliquissent
1068 1081 1104 1147 in
1119 1087 1307 1167 perpetuum
1317 1079 1425 1164 possi·

297 1191 448 1260 dentiam.
474 1191 571 1259 Cuius
589 1191 696 1277 prima
715 1197 799 1257 meta
816 1191 930 1275 incipit
946 1190 988 1256 ab
1005 1189 1130 1255 oriente
1155 1209 1254 1273 super
1284 1189 1426 1271 Rabam,

299 1307 332 1368 et
346 1300 450 1366 tendit
465 1300 507 1366 ad
525 1300 728 1368 occidentem
744 1298 788 1364 ad
804 1299 930 1385 siluam,
948 1318 1011 1382 que
1027 1297 1167 1383 pertinet
1182 1295 1224 1362 ad
1240 1296 1347 1382 ipsum
1373 1297 1427 1377 T,

299 1410 333 1476 in
349 1410 439 1476 cuins
455 1409 517 1474 fine
533 1408 631 1473 habet
647 1412 766 1473 metam
784 1407 994 1492 assignatam,
1011 1412 1044 1472 ct
1060 1412 1173 1498 postea
1188 1403 1279 1472 cadit
1294 1405 1327 1470 in
1352 1405 1427 1488 pal-

297 1517 416 1604 ludem‚
433 1537 496 1601 que
511 1519 609 1600 vulgo
626 1516 743 1583 dicitnr
757 1517 975 1603 Piscarnstou,
993 1534 1054 1600 qne
1071 1515 1170 1581 currit
1186 1513 1296 1580 anilla
1308 1513 1429 1598 Gelca,

298 1645 394 1710 qnam
411 1622 609 1692 transeundo
625 1623 717 1692 uadit
734 1645 849 1709 parum
865 1644 962 1709 super
977 1624 1064 1690 uiam
1081 1625 1229 1710 Ettcnen‚
1245 1621 1288 1688 ad
1305 1621 1427 1688 uillam
1498 1631 1509 1640 '

298 1733 431 1800 fratrum
446 1731 672 1818 Jenriensinm,
689 1753 751 1816 qne
768 1730 924 1799 Onsfolud
942 1738 1083 1817 venatur,
1116 1731 1160 1796 ad
1190 1736 1306 1796 metam
1339 1729 1428 1796 anti·

298 1860 405 1926 quam,
423 1839 555 1906 tandem
572 1840 690 1907 iterato
706 1840 805 1924 Rabe,
832 1839 916 1908 vnde
932 1839 1039 1925 prima
1054 1845 1141 1904 meta
1157 1838 1225 1905 eins
1242 1839 1427 1924 inceperat,

298 1949 509 2015 continuatur.
534 1947 577 2015 Vt
594 1956 702 2016 autem
718 1949 779 2016 hoc
795 1949 828 2014 in
843 1953 1034 2034 perpetuum
1049 1947 1146 2014 robur
1163 1943 1322 2011 firmitatis
1338 1945 1429 2011 obti-

299 2064 385 2143 neat,
404 2056 437 2122 in
454 2063 639 2141 presentem
656 2063 777 2123 cartam
803 2056 906 2140 sigilli
940 2055 1082 2141 Capituli
1114 2053 1214 2120 nostri
1245 2052 1429 2120 munimine

297 2165 492 2244 roboratam,
510 2164 679 2248 pecierunt
694 2165 854 2231 annotari.
881 2165 974 2230 Anno
990 2160 1121 2228 Domini
1137 2159 1241 2226 M⁰OO
1248 2159 1354 2226 ⁰XXX
1362 2161 1429 2226 ⁰11⁰

642 2269 1076 2336 ABGD

298 2473 440 2534 (Ercdetie
458 2471 643 2536 borhtrtyrtn,
663 2472 782 2535 melyro'l
802 2485 834 2520 az
854 2471 961 2536 egykcr
978 2469 1182 2535 htrtyazsigen
1201 2469 1317 2533 siggeri
1328 2468 1429 2533 pecatt

495 2562 642 2626 elreszett;
674 2577 692 2612 a
708 2561 794 2612 budai
812 2559 865 2610 kir.
885 2559 1014 2611 kamarai
1033 2558 1227 2620 leveltarban.)

727 2847 993 2856 -a-——--.—.

459 3585 597 3666 Rapnza
614 3585 710 3646 vetros
726 3583 927 3668 eppcaltedtac
952 3578 1152 3646 Valeneztocl.
1172 3579 1268 3645 1232.

402 3781 441 3844 ln
473 3779 602 3844 nomine
633 3777 753 3843 domini
785 3777 884 3844 nostri
917 3777 995 3846 Jesu
1028 3776 1157 3861 Christi,
1190 3773 1424 3842 Amemrlnno

295 3885 427 3951 Domini
461 3885 633 3953 millesimo
667 3884 886 3950 ducentesimo
918 3885 1083 3966 trigesimo
1114 3885 1268 3966 secondo,
1312 3898 1429 3948 mense

295 3993 406 4081 lladii,
440 3995 551 4078 quinte
576 3991 761 4060 indicionis.
794 3991 872 4060 Cum
889 3991 1177 4058 Binzolchbatie
1197 3997 1227 4057 ot
1248 3991 1430 4058 Gervasins

296 4100 457 4168 Naimerii
472 4102 532 4168 viri
550 4101 686 4184 nobiles,
705 4101 809 4166 nuntii
827 4110 858 4168 et
875 4106 1101 4186 procuratores
1116 4099 1268 4166 Civitatis
1286 4097 1425 4182 Ragusii

297 4211 338 4275 ad
359 4209 555 4296 presentiam
573 4207 782 4274 illustrissimi
799 4209 920 4275 domini
935 4209 1051 4276 Jacobi
1069 4207 1217 4292 Teupuli,
1234 4204 1295 4272 Dei
1314 4203 1429 4288 gratia

299 4318 522 4402 Vcncciarum,
542 4317 705 4382 Dalmatie
737 4323 834 4401 alque
851 4315 1007 4383 Ohroaoie
1040 4315 1150 4400 Ducis,
1167 4314 1289 4392 Quartc
1313 4311 1428 4376 Partis

294 4433 327 4490 ct
343 4424 486 4490 Dimidio
504 4423 601 4489 totins
618 4425 747 4509 lnrpcrii
764 4425 920 4490 Romania
949 4422 1177 4507 Dominatoris,
1206 4418 1425 4487 accessissent

297 4533 426 4597 nomine
443 4540 475 4599 ct
491 4532 561 4597 vice
573 4533 714 4599 ciusdem
727 4533 875 4598 Civitatis
887 4532 1031 4616 Ragnsii,
1051 4537 1194 4616 petontcs
1206 4523 1428 4609 concordiam,
1533 4605 1536 4608 Ι

298 4649 424 4725 pactum
437 4647 468 4705 et
485 4641 782 4706 reconciliationem
794 4637 924 4707 ‹lonriuo
936 4641 1016 4706 Duoi
1029 4647 1062 4704 et
1078 4639 1245 4706 Communi
1262 4631 1426 4701 Vcnccia-
