3182 5200
58 659 85 729 lu
99 661 251 749 deputatis
267 663 483 749 suspicionem
502 663 535 728 in
552 681 587 730 se
604 662 643 728 dc
660 679 738 730 nece
756 659 856 728 Beati·
866 657 1012 728 Thomas
1022 661 1167 728 Cantus*

57 771 157 838 nensis
172 771 410 859 archiepiscopi
428 771 513 838 malo
539 775 729 857 conceptam
756 769 942 854 juramento
974 773 1157 854 purgasset,

58 887 82 945 el
95 887 196 946 contra
212 879 389 948 Saracenos
406 879 666 965 Hierosolymam
683 880 740 962 irc,
757 898 828 944 cum
846 876 1009 945 communi
1026 875 1163 944 Christi·

58 1007 172 1053 anorum
188 987 277 1054 hoste
293 987 414 1053 bellum
440 986 550 1055 lacere
584 985 818 1072 proposuisset,
852 1005 913 1051 uec
944 983 1027 1051 illud
1059 990 1162 1051 morte

59 1101 232 1177 praeuentus
268 1092 422 1178 lecisset;
463 1093 644 1161 Richardus
676 1093 798 1178 primus
829 1091 962 1162 chrici
994 1092 1164 1159 memorati

60 1202 137 1289 filius,
153 1209 183 1268 et
197 1223 362 1270 successor
378 1204 412 1269 in
428 1202 553 1288 Regno,
570 1207 685 1288 postea
716 1200 948 1287 poeniteutiam
980 1221 1037 1286 pro
1070 1207 1163 1287 patre

61 1309 194 1398 lecturus,
209 1311 333 1379 bellum
350 1311 454 1396 gessit
471 1310 665 1393 huiusmodi,
683 1317 713 1376 ct
730 1311 965 1393 subsequenter
980 1311 1013 1375 in
1027 1309 1163 1393 naviga·

61 1418 132 1484 lione
146 1419 193 1485 sui
208 1419 333 1486 itineris
349 1419 503 1502 Angliam
519 1439 634 1486 versus
651 1418 782 1503 arrepti,
798 1419 937 1484 aduersa
956 1419 1054 1485 maris
1085 1424 1162 1484 tem·
1187 1426 1190 1432 ’

60 1535 164 1610 pestate
173 1526 331 1612 jactatus,
347 1524 479 1592 taudem
497 1548 560 1594 non
578 1529 649 1594 sine
665 1546 785 1610 magno
803 1525 888 1593 vitae
904 1525 1094 1594 discrimine
1129 1526 1162 1592 in

61 1635 251 1702 Dalmaticum
266 1637 375 1702 sinum
393 1635 521 1702 delatus
539 1641 598 1704 est.
639 1633 747 1712 Quare
763 1635 804 1701 ad
821 1634 924 1701 Deum
959 1636 1159 1722 confugiens,

60 1741 85 1807 in
98 1745 157 1810 loco
172 1764 264 1827 quem
280 1745 373 1831 prius
391 1743 507 1830 adiret,
534 1745 562 1811 si
595 1743 758 1829 evaderet,
790 1744 940 1828 impensa
970 1742 1158 1810 ducatorum

60 1857 162 1918 centum
178 1855 265 1920 mille
280 1873 401 1921 novam
419 1853 559 1919 condere
574 1853 634 1919 sub
652 1859 727 1918 voto
743 1851 879 1918 solemni
906 1851 1078 1918 ecclesiam
1106 1852 1163 1918 de·

61 1960 178 2026 slinauit.
201 1963 241 2027 Et
258 1983 336 2030 cum
353 1961 493 2045 denique
510 1961 551 2026 ad
568 1959 736 2044 scopulum
753 1960 1015 2042 Lacromensem,
1047 1961 1162 2028 Distri-

62 2073 116 2133 clus
125 2068 362 2153 jurisdictionis
377 2076 518 2150 nostrae,
536 2089 636 2154 prope
661 2070 838 2154 Ragusium
866 2068 1069 2156 existentem,
1104 2069 1161 2136 nbi

61 2175 262 2245 llouasterium
279 2178 415 2244 Patrum
433 2177 661 2243 Mesochorum
690 2175 821 2244 Ordinis
847 2176 959 2243 Sancti
993 2177 1162 2248 Benedicti

62 2287 203 2373 reperitur,
218 2287 433 2374 applicuisset
449 2285 630 2370 incolumis,
648 2285 756 2368 ibique
772 2293 881 2352 uotum
900 2307 957 2372 pro
968 2287 1162 2368 gratiacon·

27 2369 33 2500 l
60 2403 149 2463 secuta
157 2401 340 2483 persolvere
351 2403 597 2483 praeparassem
614 2394 656 2460 ad
668 2415 779 2480 preces
795 2397 1005 2481 Reipublicae
1022 2410 1161 2490 nostras,

27 2503 30 2578 l
61 2505 164 2572 indulto
178 2507 367 2593 Apostolico
384 2504 612 2591 praecedente,
629 2503 764 2586 Ragusii
782 2505 883 2590 illam,
902 2527 985 2590 quae
1002 2528 1086 2576 nrunc
1098 2511 1159 2582 Oa·

27 2583 29 2674 l
61 2613 193 2681 thedrslis
208 2615 269 2683 sub
285 2616 383 2681 titulo
399 2615 521 2681 Beatae
538 2613 659 2682 Mariae
676 2612 821 2696 Virginis
838 2623 1051 2706 nuncupatur,
1070 2621 1161 2708 ⁸lun.

27 2783 30 2800 ,
61 2719 134 2788 lauit
147 2723 334 2809 ecclesiam3
352 2723 411 2790 sub
428 2720 490 2790 hac
508 2741 663 2806 expressa
680 2719 861 2787 conditione
877 2743 935 2808 per
951 2725 1071 2811 Regem
1089 2734 1163 2799 fuu-

27 2807 29 2924 ξ
58 2827 179 2898 datorem
194 2832 360 2919 apposita,
377 2839 413 2898 ut
430 2831 542 2899 Patres
558 2830 792 2898 Lacromcnses
823 2834 995 2914 quotannis
1026 2837 1160 2930 ibidem,

27 2935 29 2992 l
59 2944 200 3021 tamquam
216 2943 251 3007 in
267 2939 403 3028 propria
421 2939 572 3022 ecclesia,
590 2939 730 3022 singulis
748 2937 980 3008 festivitatibus
1008 2945 1159 3016 Purifica-

58 3044 136 3114 tionis
150 3048 266 3116 Beatae
281 3047 408 3116 Mariae
424 3049 547 3133 primus
564 3069 717 3132 vesperas
734 3053 766 3113 et
782 3047 914 3115 missam
932 3050 1161 3135 pontificaliter

27 3159 29 3246 j
58 3155 202 3224 celebrare
216 3158 395 3243 deberent;
419 3163 515 3242 prout
531 3176 603 3223 cum
620 3155 801 3223 innocentii
817 3158 905 3223 tertii
923 3157 1036 3226 lavore
1053 3164 1161 3230 Abba-

27 3257 29 3312 l
58 3269 209 3332 leucorum
225 3266 379 3335 baculum
406 3263 599 3349 mitramque
624 3270 798 3351 gestantes,
832 3271 864 3331 et
896 3265 966 3333 sine
1000 3273 1162 3339 contradi·

61 3371 159 3461 ctione,
174 3375 270 3443 immo
287 3375 322 3440 in
340 3373 528 3460 praesentia
539 3371 786 3440 Ordinariorum
798 3373 872 3442 huic
883 3375 1065 3444 ministerio
1075 3380 1164 3449 beni-

61 3479 147 3558 gniter
159 3483 448 3569 acquiescentium,
466 3482 631 3549 celebrare
648 3489 890 3549 consueverunt
905 3485 947 3549 ab
963 3483 1032 3551 illis
1052 3507 1160 3572 usquc

27 3595 30 3668 Ι
60 3583 93 3650 ud
106 3586 176 3657 baec
190 3599 338 3678 tempora
354 3591 506 3678 recentia,
524 3593 556 3657 in
575 3591 690 3675 quibus
707 3612 766 3678 por
791 3591 1065 3678 Archiepisoopos
1091 3619 1160 3662 mo-

27 3675 31 3790 l
63 3692 166 3785 lemos,
180 3720 242 3765 non
259 3700 332 3766 sine
349 3699 502 3767 scandalo
518 3700 604 3766 Cleri
624 3705 656 3765 et
671 3699 782 3787 populi
797 3700 967 3788 Rognsiui,
985 3705 1105 3771 turbari
1131 3716 1162 3772 ct

27 3791 34 3912 l
63 3801 213 3887 inquietari
232 3807 396 3874 uidentur.
421 3807 612 3891 Elquiadc
644 3807 694 3874 his
727 3808 876 3874 omnibus
909 3812 1098 3896 praemissis
1131 3824 1163 3881 et

27 3991 29 4018 Ι
60 3911 172 3993 singulis
187 3923 252 3985 tum
269 3937 311 3983 cx
327 3917 483 4002 majorum
500 3915 744 4004 traditionibus,
762 3922 828 3983 tum
846 3939 886 3984 cx
902 3919 1053 3986 veridicis
1063 3921 1162 3988 histo-

27 4021 29 4072 ἰ
59 4018 156 4088 riarum
171 4027 399 4114 monumentis,
427 4031 494 4092 tum
527 4047 567 4092 cx
599 4033 688 4094 certo
719 4033 903 4094 nostrarum
936 4030 1161 4098 chronicarum

27 4163 29 4232 ἰ
59 4135 326 4220 manuscriptorum
343 4135 530 4202 testimonio
546 4135 640 4202 nobis
658 4135 855 4202 sufficienter
871 4137 1019 4204 constitit
1044 4163 1052 4203 :
1089 4139 1161 4205 ideo

27 4235 30 4334 J
57 4253 89 4300 ne
103 4240 146 4305 cui
160 4262 257 4331 super
273 4243 333 4311 hoc
350 4241 489 4311 dubitari
505 4245 683 4329 contingat,
699 4242 760 4310 bos
775 4250 906 4312 nostros
924 4244 1161 4313 testimoniales

59 4351 185 4426 patentes
200 4353 338 4439 liltcras,
356 4352 387 4420 in
404 4353 424 4420 J
428 4351 542 4420 udicils
559 4358 590 4420 et
607 4359 701 4419 extra
718 4351 811 4420 fidem
829 4351 984 4439 facturas,
1019 4355 1087 4420 lieri
1115 4354 1158 4422 ad

27 4451 31 4570 l
58 4449 230 4528 instanciam
247 4461 382 4526 Petrum
398 4459 672 4544 Lacromensium,
687 4468 718 4527 et
733 4481 791 4547 per
817 4459 1052 4528 Cancellarium
1088 4462 1162 4527 llei-

27 4577 31 4630 r
57 4561 188 4640 publicae
203 4574 335 4635 nostrae
352 4567 589 4655 infrascriptum
608 4571 778 4655 subscribi,
796 4569 838 4635 ab
856 4569 954 4652 sigilli
971 4569 1073 4636 nostri
1086 4571 1162 4636 Pro·

27 4649 164 4792 locaris
180 4674 293 4745 Sancti
309 4677 423 4762 Blasii,
439 4699 502 4762 quo
533 4679 566 4744 in
599 4679 758 4746 similibus
790 4679 916 4764 utimur,
949 4678 1164 4764 impressione

27 4817 32 4902 ,
55 4774 177 4847 roborari
194 4789 227 4852 et
243 4785 431 4891 communiri
445 4789 613 4874 jussimus.
656 4789 775 4856 Datum
792 4788 965 4874 Ragusita
993 4787 1168 4870 solrulilera·

142 4917 242 4963 lomi.
259 4921 341 4966 nitus,
356 4923 425 4962 nisu.
445 4933 488 4946 ····
505 4925 576 4970 DlPlr,
593 4924 637 4966 XX.
1034 4896 1054 4962 6
