3116 5186
591 309 751 412 Aa.

104 507 261 595 plenarie,
297 515 329 576 et
352 507 494 575 totaliter
519 507 744 590 devolvantur,
771 526 833 573 nee
859 527 918 574 uos
943 506 994 573 rel
1022 525 1227 576 suceessores

106 616 207 684 nostri
226 615 268 684 de
294 616 437 703 ipsorum
462 616 602 703 peonnia
627 615 681 684 vel
702 614 799 684 rebus
824 615 1081 700 quibuscumque
1106 613 1232 699 aliquid

110 723 273 810 possimus
308 730 501 808 extorquere
534 722 587 790 vel
620 722 748 790 habere.
802 723 954 790 Preterea
977 743 1076 810 super
1101 723 1236 809 populos

112 831 247 898 fratrum
284 838 469 900 nostrorum
499 830 717 900 descendendi
753 836 948 916 potestatem
974 851 1040 898 non
1068 830 1235 918 habemns,

110 959 204 1023 quum
222 960 286 1006 nee
300 940 551 1024 predonessores
566 939 670 1006 nostri
687 957 785 1025 super
801 957 855 1004 eos
871 937 1119 1020 deseenderunt,
1135 958 1239 1022 neque

6 1073 7 1076 ¹
106 1065 164 1114 nos
180 1046 324 1114 ulterius
340 1045 583 1114 descendemus.
599 1044 668 1113 Heo
692 1051 801 1112 autem
829 1046 940 1113 omnia
964 1045 1084 1112 ideireo
1110 1045 1234 1114 studui·
1273 1109 1276 1114 .

109 1173 178 1221 mus
214 1153 380 1241 ordinare,
417 1159 449 1220 et
483 1154 583 1221 dante
620 1153 762 1220 Domino
787 1152 1013 1220 adordinanda
1038 1152 1238 1220 studebimus

6 1329 7 1332 ,
110 1260 283 1347 ampliora,
319 1280 415 1347 quum
451 1259 553 1326 niohil
588 1260 630 1328 de
654 1260 718 1327 biis
743 1260 908 1346 provisum
935 1261 1092 1329 haetenus
1118 1259 1234 1347 iuerat,

6 1415 8 1418 -
107 1370 166 1436 hee
179 1367 337 1454 neglecta
353 1374 445 1436 erant
460 1369 592 1455 penitus
619 1387 722 1452 usque
748 1386 893 1455 presens.
919 1367 964 1435 Ut
990 1377 1097 1436 autem
1125 1389 1237 1456 snpra·

6 1505 8 1576 j
108 1475 192 1545 diota
218 1475 333 1543 omnia
358 1474 443 1544 iuste
468 1483 500 1544 et
523 1474 579 1561 pie
603 1495 661 1561 per
687 1495 745 1544 nos
770 1475 921 1544 ordinata
944 1475 1193 1561 irrefragibilem
1208 1482 1240 1544 el

6 1603 8 1670 ζ
108 1590 301 1670 perpetuam
327 1583 471 1652 habeant
496 1584 691 1670 firmitatem,
729 1583 771 1650 ad
798 1584 992 1670 petioionem
1024 1583 1105 1652 dieti
1145 1581 1239 1670 Gepi-

110 1691 167 1759 tuli
189 1697 381 1778 presentem
415 1689 610 1761 indulsimus
635 1693 791 1778 pagiuam
816 1692 915 1778 sigilli
936 1694 1038 1759 nostri
1063 1691 1240 1760 munimine

106 1799 676 1870 roboratam.snn01noamaoionir
700 1795 1239 1869 nonnionooxxxvnron-

109 1907 248 1977 tifioatus
264 1907 371 1976 nostri
390 1927 476 1975 anno
494 1908 627 1976 deoimo.

235 2107 398 2172 (Thaletica,
417 2107 542 2160 Monam.
562 2107 629 2159 hist.
648 2107 741 2174 Epiro.
761 2107 880 2176 zagrab.
899 2107 922 2160 1.
940 2107 999 2158 kbt.
1021 2110 1063 2158 76.
1080 2107 1112 2172 1.)

541 2393 808 2408 -ι--υ--α-Ι-

644 2930 720 3000 209.

6 3135 9 3164 ³
117 3130 272 3200 Miakolcz
287 3131 518 3220 nanzelsdybelt'
532 3131 617 3200 Bora
633 3155 730 3199 eomes
755 3131 1090 3218 ialebkedikjooairdl
1115 3155 1135 3196 a
1158 3123 1242 3198 bora·

373 3240 530 3307 montanai
545 3243 688 3326 apdtedq
703 3239 880 3306 erdaltlea.
894 3239 991 3303 1237.

6 3503 8 3530 Ι
223 3432 394 3503 Vniuersis
411 3434 534 3502 Christi
549 3433 700 3502 fidelibus
717 3454 851 3521 presens
867 3435 1022 3522 seriptum
1047 3432 1242 3518 inspueturis

6 3537 8 3594 l
117 3541 193 3608 Bors
210 3545 330 3612 Comes
346 3543 387 3609 de
403 3562 521 3627 genere
539 3542 722 3628 Myskouoh
738 3545 877 3610 salutern
895 3545 928 3610 in
946 3563 984 3610 eo
1002 3543 1057 3629 qui
1075 3551 1125 3611 est
1152 3542 1243 3610 salus

116 3651 266 3717 omnium.
291 3650 458 3730 Quomodo
474 3648 637 3735 fragilitas
654 3651 795 3718 humane
813 3653 1014 3720 condicionis
1046 3673 1067 3716 a
1097 3649 1240 3720 raeiouis

6 3809 8 3838 ι
117 3759 243 3826 tramite
259 3756 427 3844 compellit
444 3757 606 3843 quoslibet
621 3756 766 3843 deniare,
783 3759 955 3826 deuiautes
981 3758 1142 3844 contagiis
1168 3777 1239 3843 peo-

6 3845 8 3920 ἕ
117 3870 256 3933 rubrum
274 3866 480 3932 sordeseere:
500 3865 637 3950 justinia
663 3872 722 3953 est,
755 3874 792 3932 ut
823 3866 901 3933 dum
933 3866 1019 3932 eirea
1050 3865 1145 3930 finem
1177 3863 1243 3930 uite

6 4063 7 4066 Ἴ
120 3980 302 4054 egrotantes
320 3973 515 4059 laboramus,
533 3972 680 4039 oriminis
696 3971 798 4040 nostri
810 3972 954 4039 maculas
965 3971 1239 4038 eleemosinarum

6 4067 7 4102 ³
119 4076 294 4164 largicione
310 4080 478 4166 detergere
494 4078 681 4147 debeamus.
699 4079 926 4163 Relinquimus
943 4099 1020 4163 ergo
1038 4078 1240 4146 Monasterio

6 4183 8 4248 ἰ
120 4196 223 4257 nostro
240 4187 326 4275 quod
342 4195 476 4255 uocatur
492 4187 585 4254 Mons
601 4187 721 4254 Sanote
737 4189 851 4271 Mario,
867 4194 900 4254 et
915 4185 1059 4251 eiusdem
1076 4182 1242 4272 fratribus,

6 4285 8 4322 ⁵
123 4296 229 4381 predia
246 4296 372 4367 seilicet
389 4294 622 4382 Soobotbkath‚
637 4297 672 4363 in
689 4317 752 4382 quo
770 4294 999 4364 eollooauimus
1016 4293 1139 4362 liberos
1146 4294 1242 4380 joba·

6 4389 8 4468 ὲ
122 4403 247 4490 giones3
273 4406 411 4473 alterum
427 4405 513 4490 quod
531 4403 647 4472 dieitur
661 4403 810 4473 Loekath
827 4424 899 4472 oum
915 4401 1029 4487 seruis,
1054 4419 1125 4468 oum
1152 4409 1242 4468 arat·

6 4527 8 4602 ζ
124 4512 173 4602 ris,
190 4520 221 4580 et
237 4534 308 4580 oum
325 4511 498 4594 libertinis,
517 4520 550 4580 et
566 4534 636 4580 oum
654 4513 791 4599 equaeia
817 4533 952 4580 numero
979 4511 1004 4579 Ο
1035 4515 1067 4576 et
1098 4509 1174 4591 XX,
1208 4517 1242 4576 et

6 4613 12 4726 ξ-
124 4637 188 4687 eum
204 4623 287 4690 silua
302 4642 365 4707 que
381 4641 441 4690 uos
458 4621 633 4707 eontingit;
658 4622 736 4690 item
752 4622 862 4688 uillam
879 4618 1049 4706 Touslotb,
1075 4624 1108 4686 et
1123 4617 1235 4686 uillam
