3116 5178
813 991 815 996 '
892 973 968 1042 ate.

349 1166 410 1236 IV.
429 1165 508 1233 Belo
523 1165 632 1252 kirtly
648 1163 826 1254 mqerdrttr'
841 1186 864 1228 a
878 1162 1076 1252 Frasqepoa
1100 1111 1252 1232 caalddot
1284 1164 1424 1232 Viaodol
1447 1167 1475 1230 a

573 1275 709 1340 Modus
724 1275 917 1360 cdrrneyye'lr
932 1274 1133 1340 tirtototoa
1158 1273 1255 1340 1251.

457 1468 538 1536 Bela
569 1468 630 1536 Dei
662 1466 776 1553 gracia
807 1467 878 1533 Rex
908 1465 1086 1554 Hungarie,
1119 1466 1297 1552 Dalmacie,
1333 1465 1474 1550 Oroacie,

347 1577 461 1664 Reme,
475 1575 600 1663 Seruie,
616 1573 765 1659 Gallicis,
782 1573 974 1642 Lodomerie
990 1573 1209 1658 (lomanieque
1236 1574 1306 1639 Rex
1331 1575 1474 1642 omnibus

347 1683 473 1752 christi
489 1683 651 1768 fidelibus,
682 1682 727 1748 ad
742 1701 823 1767 quos
841 1701 973 1767 prosena
990 1681 1148 1768 scriptum
1168 1682 1361 1765 peruenerit,
1394 1683 1472 1749 salu·

349 1799 416 1859 tem
432 1791 467 1857 in
483 1810 522 1857 eo
538 1791 595 1876 qui
609 1789 756 1874 Regibus
774 1789 830 1856 dat
846 1790 996 1856 salutem.
1030 1790 1182 1856 Virtuosa
1196 1789 1325 1873 Regum
1348 1789 1476 1856 bonitas

351 1898 519 1966 subiectos
535 1916 612 1966 suos
627 1896 794 1981 quoslibet
817 1904 909 1964 tauto
934 1896 1068 1980 largiori
1099 1915 1232 1963 munere
1261 1899 1475 1984 prosequitur,

352 2013 475 2092 quanto
491 2006 633 2074 seruicia
647 2024 759 2072 cerum
775 2005 889 2073 maiori
905 2004 1077 2072 fidelitatis
1103 2004 1294 2072 constancia
1327 2004 1475 2073 decoran-

353 2119 416 2202 tur,
434 2123 681 2202 temporumque
697 2113 862 2181 successio
877 2131 1013 2198 presens
1029 2110 1176 2198 gaudere
1191 2109 1288 2179 debet
1302 2114 1475 2201 benedeijs‚

350 2241 417 2306 que
433 2229 569 2306 paterne
584 2220 662 2288 fidei
676 2220 834 2288 imitatrix
851 2229 901 2288 est
916 2220 1069 2306 exempli.
1093 2220 1234 2286 Proinde
1249 2219 1293 2287 ad
1318 2223 1473 2288 uniuerso

352 2349 423 2397 rum
439 2331 643 2414 presencium
660 2342 693 2398 et
707 2327 888 2396 futurorum
905 2329 1063 2396 noticiam
1078 2327 1194 2393 harum
1219 2329 1303 2395 serie
1335 2329 1475 2398 volumus

353 2437 526 2522 peruenire
542 2462 550 2505 r
567 2439 653 2522 quod
670 2458 743 2505 cum
759 2437 870 2504 dilecti
886 2442 918 2504 et
933 2435 1048 2503 fideles
1064 2437 1167 2503 nostri
1183 2437 1379 2520 Fridericus,
1401 2439 1474 2505 Bar-

354 2543 544 2628 tholomeus,
562 2552 595 2611 et
609 2543 747 2613 Seruido
775 2544 842 2631 (ser
867 2540 991 2628 (luido)
1023 2542 1084 2627 lilij
1115 2542 1307 2612 Seruidonis
1339 2545 1473 2630 Comids,

353 2647 496 2718 Comiter
512 2651 555 2719 de
571 2653 696 2740 Wegla,
713 2651 826 2720 fidelia
842 2649 947 2736 patris
962 2651 1105 2737 ipsorum
1122 2649 1263 2732 vestigia
1278 2652 1399 2736 iugiter
1412 2655 1477 2721 imi·

353 2764 462 2825 tontes
477 2778 499 2824 a
514 2759 671 2846 primeius
687 2765 797 2827 nostre
812 2764 846 2825 et
862 2777 973 2824 eorum
991 2756 1135 2841 puericie
1151 2757 1246 2824 annis
1271 2760 1366 2829 nobis
1393 2763 1476 2832 iude

354 2865 499 2935 sinenter
515 2863 719 2948 adherentes,
750 2871 845 2932 tanta
860 2863 1028 2931 fidelitatis
1045 2863 1186 2931 seruicia
1201 2865 1390 2952 impendere
1415 2879 1474 2937 stn-

355 2971 511 3058 duissent,
527 2977 563 3039 vt
587 2978 732 3059 tempore
762 2970 1004 3057 persecutionis
1033 2972 1244 3038 'l‘artarcrum
1275 2975 1309 3040 in
1334 2975 1474 3045 Partibus

355 3080 450 3147 nobis
465 3077 639 3145 Maritimls
654 3077 852 3164 constitutis,
868 3099 934 3145 non
950 3079 1056 3146 solum
1073 3081 1107 3145 in
1133 3079 1217 3146 mari
1240 3099 1313 3146 cum
1345 3085 1473 3151 uambae
1556 3167 1557 3172 Ἰ

356 3188 501 3273 munitis,
518 3206 633 3253 verum
650 3185 754 3253 eciam
769 3187 803 3252 iu
819 3193 909 3254 terra
931 3206 1004 3253 enm
1035 3189 1180 3271 armatis,
1213 3194 1310 3272 prout
1330 3193 1475 3276 temporis

355 3293 583 3379 necessitanet
597 3294 729 3380 negocij
748 3292 892 3379 qualitas
908 3296 1072 3381 exigebat,
1088 3295 1132 3361 ad
1148 3294 1330 3363 custodiam
1346 3318 1475 3384 persone

355 3407 475 3484 nostre,
490 3419 550 3468 ιιι
566 3419 630 3467 ιιι
646 3398 686 3466 ad
704 3397 964 3486 persequendum
980 3399 1130 3469 inimicos
1146 3407 1179 3470 et
1195 3402 1345 3472 infideles
1357 3415 1475 3475 nostros

356 3520 425 3578 tam
440 3506 579 3575 fideliter
593 3507 775 3576 seruierunt
791 3516 824 3576 et
840 3514 1039 3596 constanter,
1057 3508 1145 3595 quod
1160 3511 1247 3578 inter
1272 3511 1357 3579 alios
1382 3515 1477 3598 Regni

356 3616 460 3683 nostri
475 3616 591 3684 fideles
608 3636 648 3682 ex
664 3614 774 3684 debito
790 3615 867 3684 fidei
883 3627 1068 3685 meruerunt
1095 3619 1296 3705 computari;
1322 3621 1367 3689 ad
1397 3622 1478 3694 habi·

356 3722 519 3790 litandum
535 3720 727 3790 fidelitatem
753 3744 877 3812 eorum,
908 3730 943 3791 et
972 3730 1007 3792 vt
1036 3730 1197 3795 memoria
1228 3749 1340 3796 eorum
1371 3731 1476 3800 ceteris

357 3831 470 3916 rigeat
486 3832 523 3898 iu
539 3831 730 3918 exemplum,
747 3831 924 3900 heredibus
940 3851 1068 3916 quoque
1083 3835 1153 3902 suis
1179 3835 1334 3922 prcfieeat
1364 3847 1479 3927 tempo

358 3939 448 4007 ribus
464 3939 670 4026 successiuis,
687 3938 904 4009 donacionem
921 3939 1098 4009 Comitatus
1114 3940 1156 4008 de
1172 3943 1313 4030 Modrus,
1339 3949 1479 4034 progeni·

360 4047 485 4116 turibus
500 4047 571 4114 suis
596 4067 655 4134 per
678 4047 839 4115 illustrem
871 4067 969 4115 auum
1002 4055 1147 4117 nostrum
1177 4051 1290 4119 Belum
1323 4053 1480 4138 quondan

358 4157 529 4239 Hungarie
543 4157 664 4241 Regem
680 4154 811 4241 iactam,
828 4175 888 4222 nec
918 4176 985 4223 non
1017 4163 1050 4222 et
1080 4157 1296 4226 donacionem
1328 4161 1480 4249 Wynodol

358 4263 462 4353 patris
478 4263 583 4331 nostri
595 4263 679 4329 bone
694 4263 857 4348 memorie,
874 4262 993 4330 tactam
1010 4265 1095 4350 patri
1113 4285 1235 4354 eorum,
1252 4271 1481 4352 prenominatis

358 4371 511 4440 fidelibus
526 4370 647 4438 nostris
664 4369 868 4459 inuocantes,
885 4369 1092 4460 conterimus,
1108 4380 1223 4443 ettam
1241 4396 1333 4443 mera
1343 4377 1480 4446 liberali·

360 4489 428 4550 tate
443 4479 612 4562 donamus,
627 4475 715 4563 quod
730 4480 758 4547 si
774 4499 872 4564 quam
888 4477 1099 4548 donacionem
1116 4481 1158 4549 de
1173 4481 1253 4568 ipsis
1264 4481 1480 4571 eomitatibus,

360 4587 486 4655 scilicet
500 4586 684 4675 Wynodoll,
702 4594 736 4654 et
750 4587 918 4673 lloddrus,
949 4595 1048 4657 antea
1064 4588 1201 4659 lecimus
1216 4589 1380 4682 cuiquam,
1411 4595 1480 4682 quia
