3184 5186
876 1031 952 1102 824.

342 1231 457 1299 Iessos
472 1229 580 1318 ifjebb
596 1229 774 1316 kirdlycak
790 1230 930 1317 Horppb
945 1235 1052 1313 adrat,
1067 1253 1083 1296 a
1099 1231 1319 1320 Myltumberp,
1339 1230 1477 1301 Saxum·

318 1411 325 1418 ,
335 1335 427 1424 feld,
447 1337 576 1424 Poloaa,
593 1338 717 1406 Nedellc
733 1341 766 1405 ds
783 1337 879 1403 Zanlc
894 1337 1479 1428 belpsdpeltcttdrpycadadomdapai.
1586 1361 1588 1396 ἢ

860 1445 959 1514 1259.
1587 1445 1589 1486 ²

453 1639 522 1707 Nos
538 1640 722 1708 Lodouicus
738 1641 799 1708 Dei
815 1639 929 1729 gracia
947 1640 1126 1729 Hungarie,
1141 1639 1285 1728 Polonie,
1303 1643 1477 1710 Dalmacie

339 1747 403 1815 stb.
421 1747 491 1814 Rex
506 1749 568 1815 stb.
585 1747 672 1834 qnod
688 1747 749 1815 riri
765 1747 932 1832 Magnifici
949 1748 1116 1814 Emericus
1142 1748 1312 1817 Palatinus
1339 1755 1373 1816 et
1405 1748 1477 1815 Ste-

341 1852 472 1941 phanus
486 1854 659 1938 Woyuoda
675 1853 915 1922 'l'ransiluanus
932 1852 1045 1921 fideles
1061 1853 1163 1920 nostri
1179 1862 1212 1922 et
1228 1855 1341 1923 dilecti
1367 1875 1478 1941 perso·
1588 1843 1590 1862 ²

341 1959 460 2028 naliter
478 1961 569 2027 iuxta
585 1961 823 2028 continenciam
840 1961 1021 2029 litterarum
1040 1959 1175 2028 Comitis
1200 1961 1334 2049 (lapelle
1364 1971 1479 2030 nostre
1588 1993 1590 2018 ι

324 2067 604 2136 ·euoeatoriarum
619 2067 815 2155 simplicium
833 2067 941 2154 ipsam
973 2067 1203 2136 euocacionem
1233 2067 1269 2135 in
1299 2069 1479 2154 Wisegratl
1588 2065 1590 2156 ]

341 2171 427 2238 facie
443 2172 619 2241 adfaciem
635 2173 756 2241 iactam
772 2173 843 2241 fore
860 2171 1089 2242 denotancium
1106 2174 1205 2243 tercio
1231 2173 1285 2242 die
1315 2176 1395 2242 ferie
1429 2197 1479 2245 se·
1589 2221 1591 2252 2

346 2278 452 2346 eunde
469 2281 614 2366 proxime
639 2287 714 2367 post
744 2278 863 2348 festum
895 2280 988 2348 Beati
1019 2280 1106 2347 Luce
1137 2281 1355 2368 Euangeliste
1385 2305 1477 2352 anno

342 2385 477 2453 Domini
494 2386 667 2454 millesimo
694 2385 905 2454 GCO⁰LXX⁰
935 2387 1035 2456 tercio
1066 2390 1254 2474 preteritum
1285 2389 1322 2456 in
1353 2389 1477 2459 Nostre
1589 2395 1591 2456 ἑ

342 2492 539 2560 serenitatis
556 2499 732 2580 conspectu
750 2501 986 2582 comparentes,
1020 2501 1134 2562 contra
1162 2495 1338 2565 Nicolaum
1369 2499 1477 2565 filium

343 2599 478 2666 Hahold
493 2600 653 2684 quasdam
671 2601 798 2668 litteras
815 2600 962 2688 Capituli
978 2601 1125 2669 Ecclesie
1158 2603 1311 2670 Albensis
1342 2605 1405 2672 stb.
1439 2605 1476 2672 in

341 2714 486 2776 nostrum
503 2708 684 2776 eduxerant
698 2714 908 2793 conspectum
939 2709 1108 2794 habentes,
1140 2711 1226 2796 quod
1257 2711 1292 2776 in
1325 2713 1477 2796 personis

342 2816 487 2902 ipsorum
502 2815 644 2882 Palatini
661 2822 693 2883 et
708 2814 877 2901 Woyuode
888 2815 1088 2901 fratrumque
1099 2836 1208 2884 eorum
1218 2815 1337 2885 Nostro
1348 2819 1475 2886 dictum

342 2918 460 2990 fuisset
475 2922 648 3007 Maiestati‚
665 2919 751 3006 quod
766 2921 926 2988 Nicolcns
942 2920 1027 2989 filius
1038 2921 1168 2990 Nicolai
1180 2923 1221 2989 de
1233 2922 1367 3008 Haholt‚
1383 2944 1475 2992 asse·
1549 2979 1552 2982 .

341 3050 417 3098 rens
429 3033 507 3121 jura
523 3049 583 3098 sua
599 3029 860 3115 possessionaria
876 3049 955 3112 erga
972 3032 1101 3096 eosdem
1119 3031 1314 3116 Palatinum,
1331 3032 1475 3118 Woyno·

342 3138 431 3223 dam,
449 3128 613 3204 et'lratres
630 3136 773 3222 ipsorum
792 3137 942 3220 existere,
959 3137 1101 3203 obmissa
1118 3157 1250 3220 prorsus
1266 3139 1475 3206 consuetudi-

341 3244 434 3310 naria
450 3242 525 3328 lege
540 3243 644 3328 Regni
660 3243 761 3309 nostri
778 3246 819 3308 ab
836 3244 974 3326 antiquo
991 3251 1159 3330 consueta,
1175 3263 1319 3338 necnon
1339 3265 1474 3313 snorum

319 3349 469 3438 ¹jurium,
487 3349 516 3418 si
532 3369 594 3432 quc
610 3349 746 3416 haberet
761 3351 850 3416 circa
867 3347 1010 3435 easdem,
1040 3350 1237 3417 exconcione
1267 3356 1472 3435 postergats,

340 3457 441 3524 tacita
457 3457 596 3525 veritate
612 3468 644 3524 et
659 3463 814 3541 suggesta
833 3455 992 3541 falsitate,
1009 3456 1236 3542 multipharias
1252 3457 1381 3525 litteras
1398 3477 1473 3543 pro-

341 3563 587 3649 testacionales,
604 3563 837 3649 inquisitorias,
855 3561 1085 3648 prohibitorias
1102 3571 1135 3631 et
1158 3562 1398 3652 affirmatorias,
1431 3585 1474 3631 ac

340 3671 429 3737 alias
441 3671 509 3756 jori
538 3671 683 3755 ipsorum
716 3669 973 3755 possessionario
1005 3669 1239 3756 derogatorias,
1269 3670 1404 3738 silenter
1436 3680 1474 3740 et

340 3779 466 3845 occulte
482 3784 594 3844 contra
609 3778 698 3862 ipsos
714 3777 862 3844 emanari
878 3776 988 3844 lacere
1019 3782 1234 3862 procurasset,
1266 3783 1300 3844 et
1331 3784 1473 3864 protunc

340 3893 540 3974 procuraret
572 3884 666 3952 Vnde
682 3884 759 3970 quia
774 3905 834 3952 nos
851 3883 892 3953 de
923 3884 1045 3953 talibus
1076 3883 1198 3952 dolosis
1229 3889 1261 3953 et
1292 3884 1473 3952 cautelosis

340 3993 442 4078 gestis
459 3999 491 4060 et
506 3989 625 4075 iniquis
641 3991 854 4076 processibus,
879 4012 920 4060 no
945 4011 1003 4077 per
1032 3991 1094 4058 hoc
1124 3991 1199 4059 iura
1230 3991 1472 4074 regnicolarum

339 4107 518 4168 nostrorum
534 4098 796 4183 possessionaria
812 4100 846 4164 in
864 4097 1012 4166 futurum
1028 4098 1202 4184 periclitari
1229 4097 1472 4182 contingerent,

339 4206 556 4274 voluissemus
573 4223 654 4272 sane
668 4204 864 4292 inuigilare3
888 4204 963 4273 ideo
979 4204 1075 4272 nobis
1089 4203 1365 4272 committentibus
1381 4203 1475 4272 idem

338 4311 496 4380 Nicolaus
511 4311 596 4379 filius
611 4311 738 4380 Nicolai
754 4311 845 4379 feria
862 4317 984 4395 quarta
999 4311 1147 4398 proxima
1174 4315 1248 4396 post
1273 4310 1478 4377 dominicam

337 4419 558 4488 Reminiseore
573 4419 717 4505 proxime
732 4426 808 4492 tunc
837 4418 1027 4505 preteritum
1059 4437 1118 4504 per
1149 4424 1296 4485 nostrum
1327 4425 1360 4484 et
1391 4419 1477 4486 dicti

323 4523 482 4611 -Cupituli
498 4527 645 4593 homines
659 4524 692 4590 in
710 4524 921 4612 possessione
937 4543 998 4593 sua
1013 4522 1126 4593 Bodon
1143 4530 1258 4594 vocata
1288 4544 1361 4594 cum
1395 4525 1468 4592 rni-

324 4632 441 4700 „uersis
459 4631 651 4700 litteralibus
666 4632 734 4700 suis
751 4632 986 4700 instrumentis
1001 4651 1059 4700 seu
1075 4629 1294 4718 munimentis,
1309 4630 1338 4699 si
1354 4650 1418 4716 que
1437 4631 1478 4698 in
