3184 5186
869 407 1030 512 Q

385 599 417 666 in
433 598 550 686 specie,
569 598 602 666 iu
619 601 713 685 agnis
731 608 763 670 et
778 605 895 690 apibus
911 607 1014 674 solvet
1030 608 1063 673 in
1080 607 1199 697 specie,
1217 617 1249 679 ct
1265 611 1292 680 si
1321 612 1428 682 decem
1449 613 1494 681 rel

383 727 497 775 norem
513 710 666 794 compleri
683 730 749 779 nou
763 723 906 800 possent,
933 715 1090 783 rediment
1106 718 1281 786 secuudum
1307 721 1495 790 consvetndi·

378 834 456 884 nem
471 816 647 902 provincie.
674 821 728 886 De
744 819 881 904 singulis
897 822 1056 890 custodiis
1072 843 1253 912 porcorum,
1270 848 1333 911 que
1350 830 1439 896 oucol
1452 850 1496 896 ro·

385 929 508 1013 cantur,
525 925 630 993 solvet
643 927 827 1014 policham;
851 930 893 997 de
908 931 1019 999 liberis
1043 931 1129 1000 villis
1153 933 1258 1019 ipsius
1289 937 1395 1005 solvet
1424 937 1496 1004 dcci·

382 1050 454 1099 ruas
485 1033 518 1099 in
543 1033 703 1122 frugibus,
730 1036 844 1125 vineis,
863 1039 969 1126 agnis,
986 1040 1102 1127 apibus
1116 1042 1210 1129 sicut,
1228 1042 1269 1110 de
1284 1044 1361 1112 aliis
1377 1045 1495 1130 populis

380 1141 460 1227 suis,
475 1146 507 1206 et
523 1139 605 1210 dnos
620 1141 772 1213 denarios
789 1144 830 1214 de
855 1146 992 1232 singulis
1023 1150 1146 1234 portis;
1170 1149 1269 1238 lrytas
1301 1157 1334 1219 et
1363 1151 1494 1235 gallinas

379 1267 443 1318 nou
476 1249 590 1322 solvet.
622 1251 827 1321 Solueionem
852 1254 1054 1340 polichurum
1069 1255 1110 1324 de
1124 1257 1275 1327 liberatis
1292 1259 1383 1328 villis
1399 1259 1491 1346 ipsim

380 1355 545 1424 solvendis
561 1356 603 1424 ad
618 1357 815 1428 instanciam
831 1369 864 1428 et
878 1362 1062 1450 peticioneu
1077 1365 1180 1452 ipsius
1197 1367 1332 1434 Comitis
1358 1366 1490 1434 Holroldi

378 1464 609 1551 perpetualiter
639 1466 841 1537 remiserunt.
870 1471 908 1536 ln
925 1471 1017 1538 cuius
1033 1472 1079 1538 rei
1096 1474 1317 1541 testimonium
1331 1483 1493 1561 presentes

377 1569 504 1640 litteras
521 1573 740 1643 concessimus
756 1576 857 1663 sigilli
874 1578 977 1645 nostri
994 1579 1171 1650 munimine
1186 1583 1366 1651 roboratas.
1384 1583 1492 1650 Datum

376 1679 539 1764 Zagralrie
554 1700 642 1749 anuo
658 1683 789 1750 Domini
805 1684 928 1754 MCGL.
941 1692 1041 1756 sexto.

485 1879 647 1947 (Tknlcsica
668 1881 792 1937 Menum.
812 1885 880 1940 hiet.
899 1887 990 1954 Epiro.
1009 1889 1205 1957 Zegrsbiensis
1216 1891 1237 1942 1.
1249 1891 1277 1943 k.
1291 1895 1349 1944 113.
1362 1893 1395 1957 l.)
1513 1949 1515 1956 ,
1578 1915 1580 1949 2

1577 2197 1580 2308 l

804 2175 1073 2191 mun

371 2907 402 2978 A
418 2911 528 2999 lrirdly
544 2915 624 2982 cluat
640 2939 661 2980 a
679 2913 848 3002 vdrfdldulc
873 2915 1108 2983 cisezocdtele'rc
1137 2915 1297 2984 tituletur
1326 2917 1423 2984 etrele
1445 2911 1489 3000 Ol,
1578 3011 1579 3014 Ἴ

371 3044 429 3110 epp
445 3025 559 3110 elcduyi
567 3020 678 3108 fdldet
693 3049 733 3090 cz
752 3021 900 3111 Ostffpalc
916 3023 980 3088 deci
997 3023 1091 3110 jopen
1123 3023 1311 3092 birlolca'bun
1342 3025 1488 3113 lrapyjdl.

890 3132 987 3199 1256·
1576 3129 1578 3170 ³

473 3327 639 3396 Omodeus
655 3327 716 3394 Dei
733 3325 846 3411 grecia
857 3327 1037 3414 Episcopus
1047 3325 1234 3415 Jeuriensis,
1250 3327 1363 3397 Fauna
1373 3327 1489 3397 Diuiua
1576 3315 1578 3392 ἶ

366 3435 581 3505 miseracione
598 3435 710 3503 Abbas
727 3436 914 3522 Monasterij
933 3437 1047 3504 Sancti
1062 3437 1195 3504 Martini
1211 3438 1253 3504 de
1268 3439 1370 3507 Sacro
1386 3439 1488 3504 Monte
1576 3481 1578 3490 ·

369 3544 549 3632 Pannonis,
565 3543 681 3610 Comes
696 3541 837 3610 Alorcum
854 3541 941 3611 filius
957 3543 1081 3629 Beuke,
1097 3543 1260 3612 uniuersis
1276 3544 1398 3612 Christi
1413 3544 1488 3611 fide·
1575 3557 1577 3626 ff

362 3641 449 3718 libus
465 3658 634 3736 presentes
650 3653 775 3718 litteras
791 3650 987 3736 inspecturis
1003 3652 1141 3719 salntem
1173 3652 1206 3719 in
1239 3672 1317 3719 uero
1349 3649 1489 3719 salutari.
1573 3655 1577 3726 l

362 3759 483 3826 Vestra
497 3758 623 3826 nouerit
638 3758 847 3846 uniuersitas,
863 3758 950 3843 qnod
967 3779 1038 3828 curn
1055 3759 1088 3824 in
1105 3757 1247 3826 diuersis
1274 3756 1487 3828 comitatibus
1575 3737 1577 3752 ¹

362 3884 460 3954 super
473 3866 668 3935 reuocandis
684 3872 717 3934 et
734 3865 943 3934 restituendis
960 3867 1054 3934 terris
1070 3888 1092 3934 a
1109 3866 1236 3934 (lustris
1252 3865 1398 3935 indebite
1412 3866 1487 3933 nlic-

362 3975 448 4043 natis
463 3997 485 4043 a
501 3974 632 4043 domino
649 3981 759 4043 nostro
775 3974 857 4042 Bela
880 3973 1003 4042 illustri
1035 3975 1126 4059 Rege
1157 3973 1325 4059 Hnugarle
1357 3973 1486 4044 ludices

362 4083 434 4151 siue
449 4083 658 4168 inquisitores
673 4101 818 4150 essemus
834 4081 1016 4170 constituti,
1031 4089 1064 4150 et
1078 4083 1163 4150 inter
1177 4089 1303 4151 ceteros
1320 4083 1438 4151 Paulm
1449 4083 1487 4150 de

363 4189 462 4277 Cher,
477 4191 581 4281 Bana,
596 4190 737 4278 Symeon
752 4189 836 4258 filius
854 4189 981 4277 Belcae,
999 4189 1195 4258 Benedictus
1210 4189 1295 4256 filius
1311 4189 1430 4276 Regno,
1449 4207 1486 4254 ac

361 4299 460 4365 ceteri
477 4297 667 4383 iobagiones
693 4297 800 4365 Castri
831 4296 952 4386 Petrei,
983 4296 1206 4384 Benedictnm,
1237 4296 1396 4364 Jacobum
1426 4293 1486 4383 (et)

361 4405 430 4493 Osl,
447 4405 532 4473 lilios
549 4405 606 4474 Osl
625 4405 709 4472 Baui
725 4405 770 4473 ad
784 4411 928 4473 cosmam
946 4404 1137 4472 eitanissent
1153 4402 1368 4491 presenciam,
1384 4401 1484 4488 requi·

360 4519 468 4580 rentes
484 4513 526 4580 ab
542 4515 591 4581 cis
616 4511 780 4598 quandam
811 4518 933 4582 terram
964 4513 1094 4582 nomine
1125 4512 1166 4581 Ol
1196 4511 1411 4580 sufficientem
1443 4507 1483 4575 ed

360 4639 458 4686 unum
475 4626 629 4706 aratrum,
644 4640 741 4704 quarn
758 4618 797 4687 de
813 4619 883 4688 iure
899 4619 1005 4688 (lustri
1020 4639 1093 4688 erse
1108 4619 1324 4704 asserebant3
1349 4616 1482 4706 predicti

359 4725 487 4794 nobiles
504 4726 753 4815 responderunt,
770 4728 855 4816 quod
871 4729 944 4816 ipsa
959 4735 1054 4816 terra,
1072 4733 1105 4797 et
1129 4746 1192 4815 quc
1223 4725 1399 4796 vocabatur
1428 4723 1479 4810 01,
1533 4740 1539 4749 ·
