3116 5186
618 273 779 388 ger„

1 469 2 486 ¹
130 468 322 567 lragraucia
337 481 467 552 dilatari
484 481 611 568 debeat,
628 480 673 549 sd
697 481 771 549 illos
801 483 911 548 tamen
943 478 1171 552 abundsncitrs
1205 491 1264 554 sue

129 586 357 660 munificencie
373 589 542 658 dexteram
556 595 685 658 teretur
708 588 895 676 extendere,
921 607 1001 674 quos
1015 587 1172 675 preterita
1187 608 1264 662 me

1 779 2 793 ,
128 697 265 766 sitorum
282 697 427 782 insignia
442 696 581 764 reddunt
597 694 885 783 commendabiles,
903 703 935 764 et
962 713 1151 764 excrescens
1182 697 1264 768 bere

128 804 298 874 seruierdi
314 803 458 872 studium
474 802 516 872 de
532 802 586 872 die
601 803 636 872 iu
652 803 738 872 diem
755 823 829 872 esse
861 802 1052 890 comprobat
1082 803 1264 888 prompuio·

128 933 192 982 res.
215 911 359 981 Proinde
373 913 596 981 uniuersorum
611 917 680 979 tam
695 911 923 980 modernorum
949 913 1047 994 quarn
1079 909 1261 978 futurorum
1384 921 1385 924 ’
1488 921 1493 929 ’

1 1048 2 1111 3
128 1021 252 1090 Sancte
267 1020 385 1089 Matris
400 1020 545 1088 Ecclesie
561 1014 699 1088 ilicium
717 1019 839 1089 noticie
853 1019 1059 1106 presencium
1075 1018 1159 1087 serie
1169 1017 1262 1086 duxi·

129 1148 204 1196 mrs
222 1126 468 1216 declarandum,
485 1127 572 1214 qrod
588 1149 647 1200 uos
665 1127 828 1214 quandam
844 1133 963 1195 terram
996 1127 1127 1214 nomine
1159 1125 1257 1196 Sors·

127 1236 224 1323 kutb,
240 1257 337 1322 quarn
353 1259 375 1306 a
390 1237 538 1305 Fabiano
554 1236 679 1305 Gemite
710 1237 809 1305 fratre
833 1235 979 1304 Marcelli
1011 1255 1071 1322 pro
1103 1234 1261 1320 quinqua·

128 1343 225 1428 ginta
240 1345 360 1414 marcia
376 1347 647 1432 compererimus,
663 1345 756 1412 culus
781 1341 920 1432 pecunie
952 1362 1110 1411 summam
1142 1363 1164 1409 a
1195 1344 1259 1410 iam

1 1470 2 1477 ¹
132 1450 225 1520 dicto
241 1451 342 1521 fratre
356 1473 416 1522 nro
432 1451 556 1520 Gemite
572 1451 708 1521 Camere
724 1458 834 1520 nostre
851 1449 1092 1537 tructomporis
1103 1448 1261 1518 existente

126 1558 195 1625 sibi
211 1559 468 1648 assignarimrs,
483 1561 531 1628 ita
546 1561 634 1644 quod
650 1559 740 1628 lacto
757 1580 831 1628 crur
856 1557 968 1626 codem
979 1564 1128 1645 compoto
1139 1556 1262 1625 dictam

128 1665 304 1754 pecuniam
319 1666 426 1753 ipsum
440 1667 631 1758 Marcellum
658 1665 814 1735 Comitem
846 1665 937 1733 tratri
970 1684 1029 1732 suo
1061 1663 1259 1751 persoluisso

127 1775 325 1862 inrerimrs,
340 1776 461 1844 dilecto
477 1785 509 1845 et
525 1777 614 1846 fideli
631 1782 741 1846 nostro
757 1777 856 1844 Nara
871 1774 1071 1863 procuratori
1088 1780 1121 1841 ct
1153 1772 1261 1862 proul-

36 1959 40 1964 ,
125 1883 196 1953 sori
212 1903 366 1968 equorum
384 1892 568 1955 nostrorum
584 1905 643 1972 pro
659 1885 727 1954 suis
752 1883 904 1952 fidelibus
935 1879 1084 1968 serrioijs
1114 1881 1159 1950 ab
1189 1883 1259 1969 ipso

124 1992 226 2061 nobis
240 1999 307 2060 tam
324 1995 359 2060 in
377 1994 489 2078 Regno
506 2013 602 2078 quam
619 2001 710 2061 extra
726 1993 881 2088 Regnum,
897 1997 929 2059 et
939 1987 1260 2058 maximeinchbia

125 2099 192 2168 rub
207 2097 349 2186 quodam
366 2105 472 2168 castro
488 2101 619 2169 nornine
635 2101 771 2169 Ytoslor
781 2119 907 2170 summa
917 2100 1120 2186 strenuitate,
1135 2115 1261 2166 summo

129 2205 368 2277 sollicitudinis
384 2228 482 2295 opere
499 2207 704 2276 laudabiliter
720 2207 884 2296 exhibitis,
901 2205 964 2276 sibi
981 2212 1014 2275 et
1029 2225 1089 2298 per
1104 2224 1178 2280 euru
1194 2205 1262 2304 erip

125 2313 306 2384 beredibns
321 2335 361 2384 ac
377 2315 533 2384 heredum
549 2315 791 2386 successoribus
808 2315 877 2384 irre
893 2321 1049 2402 perpetro
1066 2312 1260 2402 contulimus

124 2420 378 2512 possidendam,
395 2423 477 2492 etin
493 2426 736 2511 possessionem
753 2424 858 2509 ipsius
874 2430 957 2492 terre
974 2445 1032 2512 per
1048 2419 1179 2491 fidelem
1195 2422 1259 2510 pri·

125 2531 274 2602 staldum
293 2541 438 2601 rostrum
455 2535 599 2604 Marcum
617 2535 657 2602 de
674 2531 770 2618 Gurg
786 2533 983 2602 crebritate
1015 2529 1119 2618 Regia
1150 2531 1258 2615 ipsum

128 2640 274 2710 fecimus
291 2640 463 2710 introduci.
486 2642 529 2710 vt
544 2641 644 2728 igitur
660 2642 722 2710 lnce
747 2662 768 2710 a
798 2641 892 2710 nobis
924 2638 1126 2710 liberalitate
1155 2638 1260 2724 Regia

128 2751 226 2818 facta
242 2747 380 2818 donacio
397 2749 499 2819 nullis
515 2769 667 2836 nmquam
680 2749 881 2834 temporibus
895 2748 1000 2834 possit
1011 2745 1262 2832 retractari3sed

126 2856 230 2926 salua
245 2876 374 2945 semper
390 2865 422 2926 ct
438 2857 632 2928 inconcussa
648 2865 846 2946 permaneat,
862 2856 896 2924 in
914 2862 1140 2943 argumentum
1157 2854 1258 2926 dona-

125 2964 234 3033 cionis
250 2967 380 3035 anobis
396 2964 483 3036 lacte
500 2973 532 3034 et
547 2965 715 3051 amplioris
732 2965 809 3032 fidei
820 2963 1056 3052 certitudinem,
1073 2970 1258 3052 presentem

11 3146 16 3155 ,
125 3072 352 3142 concessimus
367 3075 525 3160 paginam
543 3073 786 3163 priuilegiartis
803 3072 904 3158 sigilli
921 3072 1021 3142 nostri
1038 3070 1259 3142 munimirein

124 3187 323 3270 perpetuum
339 3185 532 3256 roboratam.
569 3183 689 3251 Datum
707 3202 765 3268 per
781 3201 898 3250 manus
914 3177 1100 3249 Reuereudi
1125 3179 1260 3266 Vgrliri

126 3288 321 3357 Colocemis
338 3290 587 3377 Arcbiepiscopi
620 3297 655 3358 et
685 3293 760 3361 aule
791 3298 901 3358 nostre
932 3285 1142 3373 cancellarij,
1174 3307 1259 3362 aruc

124 3396 299 3465 Dominice
315 3399 562 3467 Iucamacionis
579 3395 890 3466 M⁰OC⁰XXX⁰IIlt
914 3395 1104 3464 Venerabili
1120 3395 1258 3485 Bobertp

105 3499 348 3590 'strigoniensi
395 3504 650 3594 ereriepisccpo
698 3507 880 3589 existente;
927 3502 1043 3572 Oletbo
1097 3502 1258 3590 Agriensi‚

127 3611 289 3694 Gregorio
319 3611 500 3698 (scuriensi,
534 3612 662 3680 Briccio
686 3613 884 3696 Wachiensi,
909 3611 1139 3680 Bartholomeo
1169 3613 1258 3698 Wes-

125 3717 310 3806 primiensi,
335 3718 503 3807 Stephano
542 3720 769 3806 Zagrabiensl,
801 3717 1026 3788 Bsrtbclomeo
1057 3718 1259 3804 Quinqoeee·

125 3825 292 3913 selesiensi,
348 3826 520 3914 Reyraldo
550 3829 781 3910 Transilrano‚
828 3825 1005 3896 Benedicta
1052 3825 1258 3924 waradiensi

125 3932 313 4020 Episcopis,
338 3934 504 4006 Ecclesiae
535 3935 598 4005 Dei
630 3936 768 4022 feliciter
798 3933 1076 4022 gubernantibrs;
1099 3932 1257 4026 Dyonisio

125 4040 253 4110 Gemite
267 4040 430 4129 Palatino,
446 4042 611 4112 Demetrio
628 4045 704 4112 erle
720 4050 829 4110 nostre
845 4043 941 4110 Ornis
971 4041 1098 4110 Gemite
1128 4046 1160 4119 ct
1186 4041 1257 4134 ²Bo,-

1 4158 2 4196 i
125 4147 265 4237 ebionei,
280 4149 420 4219 Nicolao
437 4152 503 4220 lilio
519 4153 624 4221 Borcb
636 4151 861 4238 Supruniensi,
877 4151 1035 4219 [ladislao
1045 4148 1259 4236 Mrsrnicnsi,

123 4257 226 4326 Petro
242 4255 342 4327 fratre
357 4257 501 4349 Marcelli
512 4259 681 4346 Nitriensi,
700 4261 850 4329 Teodoro
860 4260 945 4327 Nori
955 4257 1071 4339 Cestii,
1090 4255 1257 4345 Stephano

1 4373 2 4436 l
122 4363 353 4452 Bychorieusi,
368 4365 540 4451 Mycbaele
557 4366 623 4434 filio
654 4366 750 4454 Oprd
764 4427 766 4430 .
781 4367 930 4450 Albensi,
961 4365 1105 4436 Abrarm
1134 4366 1257 4466 Ferrep

1 4566 2 4570 Ἴ
121 4474 236 4542 Cestii
266 4471 465 4560 Oomitibrs3
507 4474 642 4544 Nicolao
675 4475 832 4560 Magistro
860 4475 1085 4572 ‘l'arnicorom¹
1104 4471 1191 4566 (lgy)
1224 4483 1257 4575 et

1 4574 3 4618 ³
120 4581 254 4658 eonio
284 4580 489 4670 Posoricusl,
520 4579 676 4655 Mauricio
708 4583 955 4674 Dapilerorum,
987 4581 1255 4682 Mycbaele..tillo

235 4717 338 4769 nonos.
356 4717 439 4768 roso.
454 4717 526 4768 urar.
545 4729 583 4744 -·
602 4721 673 4763 rior.
691 4721 735 4772 xx,
967 4693 971 4702 '
1107 4695 1151 4800 ll,
