<?xml version="1.0" encoding="UTF-8"?>
<!DOCTYPE html PUBLIC "-//W3C//DTD XHTML 1.0 Transitional//EN"
    "http://www.w3.org/TR/xhtml1/DTD/xhtml1-transitional.dtd">
<html xmlns="http://www.w3.org/1999/xhtml" xml:lang="en" lang="en">
 <head>
  <title>
</title>
<meta http-equiv="Content-Type" content="text/html;charset=utf-8" />
  <meta name='ocr-system' content='tesseract 3.04.00' />
  <meta name='ocr-capabilities' content='ocr_page ocr_carea ocr_par ocr_line ocrx_word'/>
</head>
<body>
  <div class='ocr_page' id='page_1' title='image "./codexdiplomatic01wenzgoog_0153.png"; bbox 0 0 3182 5200; ppageno 0'>
   <div class='ocr_carea' id='block_1_1' title="bbox 642 291 804 394">
    <p class='ocr_par' dir='ltr' id='par_1_1' title="bbox 642 291 804 394">
     <span class='ocr_line' id='line_1_1' title="bbox 642 291 804 394; baseline 0 -37"><span class='ocrx_word' id='word_1_1' title='bbox 642 291 804 394; x_wconf 34' lang='grc' dir='ltr'>...Ψ-9-</span> 
     </span>
    </p>
   </div>
   <div class='ocr_carea' id='block_1_2' title="bbox 134 485 1302 4661">
    <p class='ocr_par' dir='ltr' id='par_1_2' title="bbox 134 485 1302 4661">
     <span class='ocr_line' id='line_1_2' title="bbox 134 485 1302 573; baseline -0.007 -13"><span class='ocrx_word' id='word_1_2' title='bbox 134 487 352 573; x_wconf 75' lang='lat' dir='ltr'>exemplum,</span> <span class='ocrx_word' id='word_1_3' title='bbox 370 487 454 573; x_wconf 92' lang='lat' dir='ltr'>quod</span> <span class='ocrx_word' id='word_1_4' title='bbox 473 487 516 552; x_wconf 92' lang='lat' dir='ltr'>ad</span> <span class='ocrx_word' id='word_1_5' title='bbox 533 485 786 570; x_wconf 80' lang='lat' dir='ltr'><strong>promovendam</strong></span> <span class='ocrx_word' id='word_1_6' title='bbox 804 487 960 553; x_wconf 77' lang='lat' dir='ltr'><strong>Sanctam</strong></span> <span class='ocrx_word' id='word_1_7' title='bbox 975 485 1156 552; x_wconf 82' lang='lat' dir='ltr'>Ecclesiam</span> <span class='ocrx_word' id='word_1_8' title='bbox 1177 491 1302 552; x_wconf 76' lang='lat' dir='ltr'>nostre</span> 
     </span>
     <span class='ocr_line' id='line_1_3' title="bbox 157 593 1283 663; baseline 0.001 -2"><span class='ocrx_word' id='word_1_9' title='bbox 157 595 414 663; x_wconf 76' lang='lat' dir='ltr'>Christianitatis</span> <span class='ocrx_word' id='word_1_10' title='bbox 431 593 565 662; x_wconf 82' lang='lat' dir='ltr'>devocio</span> <span class='ocrx_word' id='word_1_11' title='bbox 585 594 784 661; x_wconf 87' lang='lat' dir='ltr'>suscitetur:</span> <span class='ocrx_word' id='word_1_12' title='bbox 812 593 984 660; x_wconf 82' lang='lat' dir='ltr'>manifesta</span> <span class='ocrx_word' id='word_1_13' title='bbox 1009 601 1116 659; x_wconf 71' lang='lat' dir='ltr'>umen</span> <span class='ocrx_word' id='word_1_14' title='bbox 1148 593 1283 662; x_wconf 90' lang='lat' dir='ltr'>evidens</span> 
     </span>
     <span class='ocr_line' id='line_1_4' title="bbox 156 690 1284 786; baseline 0.001 -19"><span class='ocrx_word' id='word_1_15' title='bbox 156 709 187 767; x_wconf 89' lang='lat' dir='ltr'>ct</span> <span class='ocrx_word' id='word_1_16' title='bbox 202 690 392 786; x_wconf 89' lang='lat' dir='ltr'>probata&#39;in</span> <span class='ocrx_word' id='word_1_17' title='bbox 409 702 502 769; x_wconf 84' lang='lat' dir='ltr'>uobis</span> <span class='ocrx_word' id='word_1_18' title='bbox 519 700 675 768; x_wconf 87' lang='lat' dir='ltr'>creatoris</span> <span class='ocrx_word' id='word_1_19' title='bbox 691 699 793 767; x_wconf 83' lang='lat' dir='ltr'>nostri</span> <span class='ocrx_word' id='word_1_20' title='bbox 825 694 1022 785; x_wconf 86' lang='lat' dir='ltr'>benignitas,</span> <span class='ocrx_word' id='word_1_21' title='bbox 1053 699 1284 768; x_wconf 85' lang='lat' dir='ltr'>beneficiorum</span> 
     </span>
     <span class='ocr_line' id='line_1_5' title="bbox 157 807 1288 896; baseline -0.004 -18"><span class='ocrx_word' id='word_1_22' title='bbox 157 812 342 878; x_wconf 87' lang='lat' dir='ltr'>collacione</span> <span class='ocrx_word' id='word_1_23' title='bbox 357 809 539 896; x_wconf 76' lang='lat' dir='ltr'>multiplici,</span> <span class='ocrx_word' id='word_1_24' title='bbox 557 807 764 876; x_wconf 91' lang='lat' dir='ltr'>devocionem</span> <span class='ocrx_word' id='word_1_25' title='bbox 781 816 923 878; x_wconf 82' lang='lat' dir='ltr'>nostram</span> <span class='ocrx_word' id='word_1_26' title='bbox 940 807 1104 876; x_wconf 84' lang='lat' dir='ltr'>efficacius</span> <span class='ocrx_word' id='word_1_27' title='bbox 1130 808 1288 875; x_wconf 89' lang='lat' dir='ltr'>animavit</span> 
     </span>
     <span class='ocr_line' id='line_1_6' title="bbox 154 915 1283 1001; baseline 0 -18"><span class='ocrx_word' id='word_1_28' title='bbox 154 918 197 983; x_wconf 89' lang='lat' dir='ltr'>ad</span> <span class='ocrx_word' id='word_1_29' title='bbox 216 917 401 992; x_wconf 90' lang='lat' dir='ltr'>colendum,</span> <span class='ocrx_word' id='word_1_30' title='bbox 419 916 622 1001; x_wconf 87' lang='lat' dir='ltr'>diligendum</span> <span class='ocrx_word' id='word_1_31' title='bbox 638 919 671 982; x_wconf 91' lang='lat' dir='ltr'>ct</span> <span class='ocrx_word' id='word_1_32' title='bbox 688 915 899 982; x_wconf 84' lang='lat' dir='ltr'>exaltandum</span> <span class='ocrx_word' id='word_1_33' title='bbox 925 917 960 982; x_wconf 92' lang='lat' dir='ltr'>iu</span> <span class='ocrx_word' id='word_1_34' title='bbox 988 915 1135 983; x_wconf 86' lang='lat' dir='ltr'>omnibus</span> <span class='ocrx_word' id='word_1_35' title='bbox 1166 935 1283 983; x_wconf 88' lang='lat' dir='ltr'>comen</span> 
     </span>
     <span class='ocr_line' id='line_1_7' title="bbox 154 1022 1286 1111; baseline -0.004 -19"><span class='ocrx_word' id='word_1_36' title='bbox 154 1025 233 1110; x_wconf 90' lang='lat' dir='ltr'>eius,</span> <span class='ocrx_word' id='word_1_37' title='bbox 252 1026 344 1092; x_wconf 89' lang='lat' dir='ltr'>cuius</span> <span class='ocrx_word' id='word_1_38' title='bbox 358 1024 583 1093; x_wconf 88' lang='lat' dir='ltr'>misericordia</span> <span class='ocrx_word' id='word_1_39' title='bbox 598 1045 619 1090; x_wconf 87' lang='lat' dir='ltr'>a</span> <span class='ocrx_word' id='word_1_40' title='bbox 634 1031 683 1091; x_wconf 91' lang='lat' dir='ltr'>tot</span> <span class='ocrx_word' id='word_1_41' title='bbox 700 1032 732 1090; x_wconf 87' lang='lat' dir='ltr'>et</span> <span class='ocrx_word' id='word_1_42' title='bbox 747 1024 847 1090; x_wconf 88' lang='lat' dir='ltr'>tantis</span> <span class='ocrx_word' id='word_1_43' title='bbox 858 1043 970 1091; x_wconf 89' lang='lat' dir='ltr'>sumus</span> <span class='ocrx_word' id='word_1_44' title='bbox 982 1022 1133 1108; x_wconf 88' lang='lat' dir='ltr'>periculis</span> <span class='ocrx_word' id='word_1_45' title='bbox 1144 1022 1286 1111; x_wconf 91' lang='lat' dir='ltr'>liberati,</span> 
     </span>
     <span class='ocr_line' id='line_1_8' title="bbox 153 1131 1286 1220; baseline -0.004 -22"><span class='ocrx_word' id='word_1_46' title='bbox 153 1132 195 1200; x_wconf 91' lang='lat' dir='ltr'>de</span> <span class='ocrx_word' id='word_1_47' title='bbox 211 1132 314 1199; x_wconf 83' lang='lat' dir='ltr'>exilio</span> <span class='ocrx_word' id='word_1_48' title='bbox 330 1133 375 1198; x_wconf 91' lang='lat' dir='ltr'>ad</span> <span class='ocrx_word' id='word_1_49' title='bbox 390 1152 537 1220; x_wconf 83' lang='lat' dir='ltr'>reguum,</span> <span class='ocrx_word' id='word_1_50' title='bbox 553 1131 594 1199; x_wconf 92' lang='lat' dir='ltr'>dc</span> <span class='ocrx_word' id='word_1_51' title='bbox 610 1151 740 1199; x_wconf 88' lang='lat' dir='ltr'>carcere</span> <span class='ocrx_word' id='word_1_52' title='bbox 756 1131 799 1197; x_wconf 89' lang='lat' dir='ltr'>ad</span> <span class='ocrx_word' id='word_1_53' title='bbox 815 1131 933 1200; x_wconf 89' lang='lat' dir='ltr'>solium</span> <span class='ocrx_word' id='word_1_54' title='bbox 962 1131 1156 1200; x_wconf 90' lang='lat' dir='ltr'>mirabiliter</span> <span class='ocrx_word' id='word_1_55' title='bbox 1184 1131 1286 1197; x_wconf 89' lang='lat' dir='ltr'>subli-</span> 
     </span>
     <span class='ocr_line' id='line_1_9' title="bbox 145 1237 1287 1327; baseline -0.001 -20"><span class='ocrx_word' id='word_1_56' title='bbox 145 1241 252 1326; x_wconf 89' lang='lat' dir='ltr'>mati,</span> <span class='ocrx_word' id='word_1_57' title='bbox 268 1237 410 1308; x_wconf 89' lang='lat' dir='ltr'>filiorum</span> <span class='ocrx_word' id='word_1_58' title='bbox 443 1245 556 1327; x_wconf 89' lang='lat' dir='ltr'>optata</span> <span class='ocrx_word' id='word_1_59' title='bbox 580 1240 811 1326; x_wconf 75' lang='lat' dir='ltr'>procreacione</span> <span class='ocrx_word' id='word_1_60' title='bbox 843 1245 874 1305; x_wconf 90' lang='lat' dir='ltr'>ct</span> <span class='ocrx_word' id='word_1_61' title='bbox 904 1237 1029 1307; x_wconf 87' lang='lat' dir='ltr'>dierum</span> <span class='ocrx_word' id='word_1_62' title='bbox 1062 1238 1287 1323; x_wconf 78' lang='lat' dir='ltr'>tranquilitate</span> 
     </span>
     <span class='ocr_line' id='line_1_10' title="bbox 153 1345 1280 1432; baseline -0.002 -18"><span class='ocrx_word' id='word_1_63' title='bbox 153 1346 261 1432; x_wconf 91' lang='lat' dir='ltr'>potiti.</span> <span class='ocrx_word' id='word_1_64' title='bbox 285 1347 365 1413; x_wconf 88' lang='lat' dir='ltr'>Cum</span> <span class='ocrx_word' id='word_1_65' title='bbox 382 1366 460 1431; x_wconf 86' lang='lat' dir='ltr'>ergo</span> <span class='ocrx_word' id='word_1_66' title='bbox 476 1345 647 1412; x_wconf 87' lang='lat' dir='ltr'>videamus</span> <span class='ocrx_word' id='word_1_67' title='bbox 664 1355 888 1413; x_wconf 83' lang='lat' dir='ltr'>antecessores</span> <span class='ocrx_word' id='word_1_68' title='bbox 904 1352 1029 1414; x_wconf 88' lang='lat' dir='ltr'>nostros</span> <span class='ocrx_word' id='word_1_69' title='bbox 1054 1367 1111 1431; x_wconf 90' lang='lat' dir='ltr'>pro</span> <span class='ocrx_word' id='word_1_70' title='bbox 1137 1345 1280 1412; x_wconf 85' lang='lat' dir='ltr'>remedio</span> 
     </span>
     <span class='ocr_line' id='line_1_11' title="bbox 150 1451 1283 1537; baseline -0.004 -15"><span class='ocrx_word' id='word_1_71' title='bbox 150 1455 336 1522; x_wconf 89' lang='lat' dir='ltr'>animarum</span> <span class='ocrx_word' id='word_1_72' title='bbox 353 1473 483 1521; x_wconf 87' lang='lat' dir='ltr'>suarum</span> <span class='ocrx_word' id='word_1_73' title='bbox 500 1452 534 1517; x_wconf 92' lang='lat' dir='ltr'>in</span> <span class='ocrx_word' id='word_1_74' title='bbox 550 1452 688 1518; x_wconf 87' lang='lat' dir='ltr'>diversis</span> <span class='ocrx_word' id='word_1_75' title='bbox 704 1451 783 1520; x_wconf 92' lang='lat' dir='ltr'>locis</span> <span class='ocrx_word' id='word_1_76' title='bbox 799 1453 904 1537; x_wconf 81' lang='lat' dir='ltr'>Regni</span> <span class='ocrx_word' id='word_1_77' title='bbox 921 1453 970 1520; x_wconf 88' lang='lat' dir='ltr'>sui</span> <span class='ocrx_word' id='word_1_78' title='bbox 984 1453 1114 1521; x_wconf 86' lang='lat' dir='ltr'>diversa</span> <span class='ocrx_word' id='word_1_79' title='bbox 1122 1463 1283 1521; x_wconf 90' lang='lat' dir='ltr'>monaste·</span> 
     </span>
     <span class='ocr_line' id='line_1_12' title="bbox 150 1559 1282 1646; baseline 0 -18"><span class='ocrx_word' id='word_1_80' title='bbox 150 1562 201 1628; x_wconf 91' lang='lat' dir='ltr'>ria</span> <span class='ocrx_word' id='word_1_81' title='bbox 217 1562 377 1629; x_wconf 76' lang='lat' dir='ltr'>fundasse</span> <span class='ocrx_word' id='word_1_82' title='bbox 393 1571 425 1627; x_wconf 90' lang='lat' dir='ltr'>et</span> <span class='ocrx_word' id='word_1_83' title='bbox 441 1581 481 1628; x_wconf 84' lang='lat' dir='ltr'>ea</span> <span class='ocrx_word' id='word_1_84' title='bbox 498 1559 760 1646; x_wconf 85' lang='lat' dir='ltr'>possessionibus</span> <span class='ocrx_word' id='word_1_85' title='bbox 777 1559 1048 1644; x_wconf 86' lang='lat' dir='ltr'>libertatibusque</span> <span class='ocrx_word' id='word_1_86' title='bbox 1058 1561 1190 1628; x_wconf 86' lang='lat' dir='ltr'>dotasse</span> <span class='ocrx_word' id='word_1_87' title='bbox 1202 1588 1210 1629; x_wconf 93' lang='lat'><strong>:</strong></span> <span class='ocrx_word' id='word_1_88' title='bbox 1222 1581 1282 1628; x_wconf 91' lang='lat' dir='ltr'>nos</span> 
     </span>
     <span class='ocr_line' id='line_1_13' title="bbox 150 1665 1284 1755; baseline 0.002 -20"><span class='ocrx_word' id='word_1_89' title='bbox 150 1678 219 1736; x_wconf 91' lang='lat' dir='ltr'>tum</span> <span class='ocrx_word' id='word_1_90' title='bbox 238 1689 352 1736; x_wconf 91' lang='lat' dir='ltr'>corum</span> <span class='ocrx_word' id='word_1_91' title='bbox 368 1667 527 1754; x_wconf 83' lang='lat' dir='ltr'>exemplis</span> <span class='ocrx_word' id='word_1_92' title='bbox 554 1666 680 1753; x_wconf 87' lang='lat' dir='ltr'>imbuti,</span> <span class='ocrx_word' id='word_1_93' title='bbox 705 1674 773 1732; x_wconf 89' lang='lat' dir='ltr'>tum</span> <span class='ocrx_word' id='word_1_94' title='bbox 799 1665 902 1733; x_wconf 90' lang='lat' dir='ltr'>eciam</span> <span class='ocrx_word' id='word_1_95' title='bbox 934 1669 1065 1755; x_wconf 88' lang='lat' dir='ltr'>proprie</span> <span class='ocrx_word' id='word_1_96' title='bbox 1096 1668 1284 1737; x_wconf 78' lang='lat' dir='ltr'>devocionis</span> 
     </span>
     <span class='ocr_line' id='line_1_14' title="bbox 150 1773 1282 1862; baseline 0.002 -22"><span class='ocrx_word' id='word_1_97' title='bbox 150 1785 227 1844; x_wconf 85' lang='lat' dir='ltr'>voto</span> <span class='ocrx_word' id='word_1_98' title='bbox 244 1773 331 1861; x_wconf 89' lang='lat' dir='ltr'>quod</span> <span class='ocrx_word' id='word_1_99' title='bbox 348 1776 470 1843; x_wconf 91' lang='lat' dir='ltr'>dudum</span> <span class='ocrx_word' id='word_1_100' title='bbox 487 1773 594 1841; x_wconf 90' lang='lat' dir='ltr'>animo</span> <span class='ocrx_word' id='word_1_101' title='bbox 620 1793 875 1860; x_wconf 86' lang='lat' dir='ltr'>conceperamus</span> <span class='ocrx_word' id='word_1_102' title='bbox 898 1775 1033 1862; x_wconf 89' lang='lat' dir='ltr'>inducti,</span> <span class='ocrx_word' id='word_1_103' title='bbox 1051 1775 1282 1844; x_wconf 86' lang='lat' dir='ltr'>monasterium</span> 
     </span>
     <span class='ocr_line' id='line_1_15' title="bbox 150 1881 1282 1969; baseline 0.003 -19"><span class='ocrx_word' id='word_1_104' title='bbox 150 1885 195 1950; x_wconf 88' lang='lat' dir='ltr'>ad</span> <span class='ocrx_word' id='word_1_105' title='bbox 211 1884 369 1950; x_wconf 90' lang='lat' dir='ltr'>honorem</span> <span class='ocrx_word' id='word_1_106' title='bbox 386 1885 487 1950; x_wconf 89' lang='lat' dir='ltr'>Beate</span> <span class='ocrx_word' id='word_1_107' title='bbox 503 1883 565 1950; x_wconf 88' lang='lat' dir='ltr'>Dei</span> <span class='ocrx_word' id='word_1_108' title='bbox 582 1881 757 1950; x_wconf 81' lang='lat' dir='ltr'>Genitricis</span> <span class='ocrx_word' id='word_1_109' title='bbox 774 1891 807 1949; x_wconf 91' lang='lat' dir='ltr'>ct</span> <span class='ocrx_word' id='word_1_110' title='bbox 823 1883 967 1966; x_wconf 89' lang='lat' dir='ltr'>Virginis</span> <span class='ocrx_word' id='word_1_111' title='bbox 1000 1883 1100 1950; x_wconf 88' lang='lat' dir='ltr'>Maris</span> <span class='ocrx_word' id='word_1_112' title='bbox 1132 1887 1164 1951; x_wconf 92' lang='lat' dir='ltr'>in</span> <span class='ocrx_word' id='word_1_113' title='bbox 1200 1886 1282 1969; x_wconf 86' lang='lat' dir='ltr'>tocc,</span> 
     </span>
     <span class='ocr_line' id='line_1_16' title="bbox 149 1989 1280 2076; baseline 0.004 -18"><span class='ocrx_word' id='word_1_114' title='bbox 149 1992 208 2076; x_wconf 93' lang='lat' dir='ltr'>qui</span> <span class='ocrx_word' id='word_1_115' title='bbox 225 1992 347 2058; x_wconf 86' lang='lat' dir='ltr'>dicitur</span> <span class='ocrx_word' id='word_1_116' title='bbox 362 1991 510 2075; x_wconf 69' lang='lat' dir='ltr'>&#39;duplica</span> <span class='ocrx_word' id='word_1_117' title='bbox 527 1990 678 2058; x_wconf 81' lang='lat' dir='ltr'>duximus</span> <span class='ocrx_word' id='word_1_118' title='bbox 693 1989 957 2075; x_wconf 87' lang='lat' dir='ltr'>construendum,</span> <span class='ocrx_word' id='word_1_119' title='bbox 973 1991 1192 2076; x_wconf 80' lang='lat' dir='ltr'>fratribusque</span> <span class='ocrx_word' id='word_1_120' title='bbox 1209 1993 1280 2062; x_wconf 93' lang='lat' dir='ltr'>Cla·</span> 
     </span>
     <span class='ocr_line' id='line_1_17' title="bbox 147 2095 1281 2184; baseline 0.002 -19"><span class='ocrx_word' id='word_1_121' title='bbox 147 2098 344 2166; x_wconf 86' lang='lat' dir='ltr'>revalleusis</span> <span class='ocrx_word' id='word_1_122' title='bbox 359 2097 494 2176; x_wconf 89' lang='lat' dir='ltr'>Domus,</span> <span class='ocrx_word' id='word_1_123' title='bbox 513 2095 644 2163; x_wconf 90' lang='lat' dir='ltr'>Ordinis</span> <span class='ocrx_word' id='word_1_124' title='bbox 661 2095 911 2184; x_wconf 72' lang='lat' dir='ltr'>cysterciensis,</span> <span class='ocrx_word' id='word_1_125' title='bbox 929 2098 1091 2164; x_wconf 87' lang='lat' dir='ltr'>incudem</span> <span class='ocrx_word' id='word_1_126' title='bbox 1110 2099 1180 2166; x_wconf 92' lang='lat' dir='ltr'>loco</span> <span class='ocrx_word' id='word_1_127' title='bbox 1212 2101 1281 2167; x_wconf 89' lang='lat' dir='ltr'>Deo</span> 
     </span>
     <span class='ocr_line' id='line_1_18' title="bbox 147 2199 1279 2291; baseline 0.001 -18"><span class='ocrx_word' id='word_1_128' title='bbox 147 2208 271 2291; x_wconf 80' lang='lat' dir='ltr'>iugiter</span> <span class='ocrx_word' id='word_1_129' title='bbox 286 2205 465 2286; x_wconf 87' lang='lat' dir='ltr'>servituris,</span> <span class='ocrx_word' id='word_1_130' title='bbox 482 2205 709 2272; x_wconf 87' lang='lat' dir='ltr'>Monasterium</span> <span class='ocrx_word' id='word_1_131' title='bbox 725 2206 831 2288; x_wconf 88' lang='lat' dir='ltr'>ipsum</span> <span class='ocrx_word' id='word_1_132' title='bbox 848 2226 919 2271; x_wconf 92' lang='lat' dir='ltr'>cum</span> <span class='ocrx_word' id='word_1_133' title='bbox 935 2205 1083 2274; x_wconf 91' lang='lat' dir='ltr'>omuibus</span> <span class='ocrx_word' id='word_1_134' title='bbox 1101 2199 1279 2291; x_wconf 85' lang='lat' dir='ltr'>posscssio-</span> 
     </span>
     <span class='ocr_line' id='line_1_19' title="bbox 152 2311 1284 2400; baseline 0.004 -20"><span class='ocrx_word' id='word_1_135' title='bbox 152 2319 251 2381; x_wconf 84' lang='lat' dir='ltr'>nibus</span> <span class='ocrx_word' id='word_1_136' title='bbox 267 2319 300 2378; x_wconf 89' lang='lat' dir='ltr'>ct</span> <span class='ocrx_word' id='word_1_137' title='bbox 324 2312 541 2398; x_wconf 83' lang='lat' dir='ltr'>libertatibus,</span> <span class='ocrx_word' id='word_1_138' title='bbox 575 2311 692 2396; x_wconf 91' lang='lat' dir='ltr'>quibus</span> <span class='ocrx_word' id='word_1_139' title='bbox 722 2311 830 2398; x_wconf 90' lang='lat' dir='ltr'>ipsum</span> <span class='ocrx_word' id='word_1_140' title='bbox 861 2311 1055 2400; x_wconf 86' lang='lat' dir='ltr'>dotavimus,</span> <span class='ocrx_word' id='word_1_141' title='bbox 1087 2315 1284 2384; x_wconf 81' lang='lat' dir='ltr'>hereditario</span> 
     </span>
     <span class='ocr_line' id='line_1_20' title="bbox 148 2418 1283 2504; baseline 0.003 -15"><span class='ocrx_word' id='word_1_142' title='bbox 148 2425 221 2489; x_wconf 82' lang='lat' dir='ltr'>iure</span> <span class='ocrx_word' id='word_1_143' title='bbox 238 2418 435 2489; x_wconf 89' lang='lat' dir='ltr'>contulimus</span> <span class='ocrx_word' id='word_1_144' title='bbox 451 2419 693 2504; x_wconf 87' lang='lat' dir='ltr'>possidendum.</span> <span class='ocrx_word' id='word_1_145' title='bbox 733 2419 889 2486; x_wconf 85' lang='lat' dir='ltr'>Dedimus</span> <span class='ocrx_word' id='word_1_146' title='bbox 907 2431 1015 2487; x_wconf 87' lang='lat' dir='ltr'>autern</span> <span class='ocrx_word' id='word_1_147' title='bbox 1042 2422 1146 2492; x_wconf 88' lang='lat' dir='ltr'>eidem</span> <span class='ocrx_word' id='word_1_148' title='bbox 1172 2425 1283 2492; x_wconf 88' lang='lat' dir='ltr'>Mona-</span> 
     </span>
     <span class='ocr_line' id='line_1_21' title="bbox 149 2526 1284 2613; baseline 0.001 -16"><span class='ocrx_word' id='word_1_149' title='bbox 149 2532 254 2598; x_wconf 88' lang='lat' dir='ltr'>sterio</span> <span class='ocrx_word' id='word_1_150' title='bbox 272 2529 306 2595; x_wconf 89' lang='lat' dir='ltr'>in</span> <span class='ocrx_word' id='word_1_151' title='bbox 326 2527 445 2613; x_wconf 90' lang='lat' dir='ltr'>dotem,</span> <span class='ocrx_word' id='word_1_152' title='bbox 462 2533 564 2594; x_wconf 88' lang='lat' dir='ltr'>totum</span> <span class='ocrx_word' id='word_1_153' title='bbox 591 2526 742 2593; x_wconf 84' lang='lat' dir='ltr'>videlicet</span> <span class='ocrx_word' id='word_1_154' title='bbox 758 2527 969 2594; x_wconf 83' lang='lat' dir='ltr'>Comitatum</span> <span class='ocrx_word' id='word_1_155' title='bbox 1002 2529 1042 2596; x_wconf 90' lang='lat' dir='ltr'>dc</span> <span class='ocrx_word' id='word_1_156' title='bbox 1074 2529 1180 2598; x_wconf 79' lang='lat' dir='ltr'>Corra</span> <span class='ocrx_word' id='word_1_157' title='bbox 1212 2553 1284 2598; x_wconf 90' lang='lat' dir='ltr'>cum</span> 
     </span>
     <span class='ocr_line' id='line_1_22' title="bbox 149 2635 1278 2724; baseline 0.004 -22"><span class='ocrx_word' id='word_1_158' title='bbox 149 2635 304 2703; x_wconf 88' lang='lat' dir='ltr'>omuibus</span> <span class='ocrx_word' id='word_1_159' title='bbox 321 2635 529 2721; x_wconf 87' lang='lat' dir='ltr'>pertinenciis</span> <span class='ocrx_word' id='word_1_160' title='bbox 545 2635 612 2700; x_wconf 89' lang='lat' dir='ltr'>suis</span> <span class='ocrx_word' id='word_1_161' title='bbox 639 2641 746 2718; x_wconf 86' lang='lat' dir='ltr'>preter</span> <span class='ocrx_word' id='word_1_162' title='bbox 772 2637 991 2718; x_wconf 82' lang='lat' dir='ltr'>pertinencias</span> <span class='ocrx_word' id='word_1_163' title='bbox 1010 2637 1278 2724; x_wconf 77' lang='lat' dir='ltr'>&#39;Templariorum</span> 
     </span>
     <span class='ocr_line' id='line_1_23' title="bbox 149 2739 1282 2826; baseline 0.004 -16"><span class='ocrx_word' id='word_1_164' title='bbox 149 2746 184 2810; x_wconf 95' lang='lat' dir='ltr'>iu</span> <span class='ocrx_word' id='word_1_165' title='bbox 202 2743 316 2810; x_wconf 88' lang='lat' dir='ltr'>ecdem</span> <span class='ocrx_word' id='word_1_166' title='bbox 334 2739 499 2809; x_wconf 85' lang='lat' dir='ltr'>Comitatu</span> <span class='ocrx_word' id='word_1_167' title='bbox 515 2749 693 2825; x_wconf 86' lang='lat' dir='ltr'>contentas,</span> <span class='ocrx_word' id='word_1_168' title='bbox 711 2750 744 2807; x_wconf 89' lang='lat' dir='ltr'>et</span> <span class='ocrx_word' id='word_1_169' title='bbox 759 2749 867 2826; x_wconf 86' lang='lat' dir='ltr'>preter</span> <span class='ocrx_word' id='word_1_170' title='bbox 885 2763 942 2809; x_wconf 86' lang='lat' dir='ltr'>sex</span> <span class='ocrx_word' id='word_1_171' title='bbox 959 2747 1189 2826; x_wconf 85' lang='lat' dir='ltr'>generaciones</span> <span class='ocrx_word' id='word_1_172' title='bbox 1211 2768 1282 2814; x_wconf 91' lang='lat' dir='ltr'>cum</span> 
     </span>
     <span class='ocr_line' id='line_1_24' title="bbox 148 2848 1280 2942; baseline 0.003 -24"><span class='ocrx_word' id='word_1_173' title='bbox 148 2849 348 2918; x_wconf 82' lang='lat' dir='ltr'>tenumcntis</span> <span class='ocrx_word' id='word_1_174' title='bbox 379 2869 499 2932; x_wconf 86' lang='lat' dir='ltr'>earum,</span> <span class='ocrx_word' id='word_1_175' title='bbox 534 2867 614 2932; x_wconf 86' lang='lat' dir='ltr'>quas</span> <span class='ocrx_word' id='word_1_176' title='bbox 640 2848 683 2912; x_wconf 87' lang='lat' dir='ltr'>ud</span> <span class='ocrx_word' id='word_1_177' title='bbox 699 2848 925 2916; x_wconf 88' lang='lat' dir='ltr'>iuridicicnem</span> <span class='ocrx_word' id='word_1_178' title='bbox 941 2853 1090 2920; x_wconf 92' lang='lat' dir='ltr'>volumus</span> <span class='ocrx_word' id='word_1_179' title='bbox 1110 2855 1280 2942; x_wconf 86' lang='lat' dir='ltr'>pertinere.</span> 
     </span>
     <span class='ocr_line' id='line_1_25' title="bbox 150 2955 1284 3048; baseline 0.003 -23"><span class='ocrx_word' id='word_1_180' title='bbox 150 2959 333 3025; x_wconf 80' lang='lat' dir='ltr'>Statuimus</span> <span class='ocrx_word' id='word_1_181' title='bbox 350 2977 438 3043; x_wconf 88' lang='lat' dir='ltr'>ergo,</span> <span class='ocrx_word' id='word_1_182' title='bbox 454 2956 540 3040; x_wconf 91' lang='lat' dir='ltr'>quod</span> <span class='ocrx_word' id='word_1_183' title='bbox 557 2963 736 3022; x_wconf 91' lang='lat' dir='ltr'>memorata</span> <span class='ocrx_word' id='word_1_184' title='bbox 753 2955 1012 3024; x_wconf 82' lang='lat' dir='ltr'>Ecclesichate</span> <span class='ocrx_word' id='word_1_185' title='bbox 1025 2959 1126 3027; x_wconf 89' lang='lat' dir='ltr'>Maric</span> <span class='ocrx_word' id='word_1_186' title='bbox 1143 2959 1182 3026; x_wconf 92' lang='lat' dir='ltr'>de</span> <span class='ocrx_word' id='word_1_187' title='bbox 1199 2961 1284 3048; x_wconf 79' lang='lat' dir='ltr'>Top-</span> 
     </span>
     <span class='ocr_line' id='line_1_26' title="bbox 152 3061 1283 3157; baseline 0.005 -26"><span class='ocrx_word' id='word_1_188' title='bbox 152 3067 220 3133; x_wconf 90' lang='lat' dir='ltr'>lica</span> <span class='ocrx_word' id='word_1_189' title='bbox 235 3065 345 3132; x_wconf 88' lang='lat' dir='ltr'>omnia</span> <span class='ocrx_word' id='word_1_190' title='bbox 361 3064 434 3130; x_wconf 88' lang='lat' dir='ltr'>iura</span> <span class='ocrx_word' id='word_1_191' title='bbox 449 3062 597 3150; x_wconf 90' lang='lat' dir='ltr'>prodicta</span> <span class='ocrx_word' id='word_1_192' title='bbox 613 3061 790 3130; x_wconf 78' lang='lat' dir='ltr'>Comitatus</span> <span class='ocrx_word' id='word_1_193' title='bbox 808 3063 847 3128; x_wconf 90' lang='lat' dir='ltr'>de</span> <span class='ocrx_word' id='word_1_194' title='bbox 865 3061 977 3145; x_wconf 80' lang='lat' dir='ltr'>Gonu,</span> <span class='ocrx_word' id='word_1_195' title='bbox 996 3065 1062 3131; x_wconf 91' lang='lat' dir='ltr'>alia</span> <span class='ocrx_word' id='word_1_196' title='bbox 1078 3066 1120 3133; x_wconf 90' lang='lat' dir='ltr'>ab</span> <span class='ocrx_word' id='word_1_197' title='bbox 1139 3067 1204 3157; x_wconf 84' lang='lat' dir='ltr'>bis,</span> <span class='ocrx_word' id='word_1_198' title='bbox 1221 3089 1283 3152; x_wconf 92' lang='lat' dir='ltr'>que</span> 
     </span>
     <span class='ocr_line' id='line_1_27' title="bbox 149 3171 1291 3260; baseline 0.004 -20"><span class='ocrx_word' id='word_1_199' title='bbox 149 3175 254 3260; x_wconf 91' lang='lat' dir='ltr'>paulo</span> <span class='ocrx_word' id='word_1_200' title='bbox 270 3178 348 3239; x_wconf 89' lang='lat' dir='ltr'>ante</span> <span class='ocrx_word' id='word_1_201' title='bbox 367 3171 563 3258; x_wconf 85' lang='lat' dir='ltr'>excepimus,</span> <span class='ocrx_word' id='word_1_202' title='bbox 580 3171 683 3237; x_wconf 88' lang='lat' dir='ltr'>libere</span> <span class='ocrx_word' id='word_1_203' title='bbox 699 3177 730 3237; x_wconf 87' lang='lat' dir='ltr'>et</span> <span class='ocrx_word' id='word_1_204' title='bbox 744 3171 870 3253; x_wconf 81' lang='lat' dir='ltr'>integre</span> <span class='ocrx_word' id='word_1_205' title='bbox 885 3181 1105 3257; x_wconf 84' lang='lat' dir='ltr'>perpetuoque</span> <span class='ocrx_word' id='word_1_206' title='bbox 1114 3177 1291 3258; x_wconf 88' lang='lat' dir='ltr'>possideat·</span> 
     </span>
     <span class='ocr_line' id='line_1_28' title="bbox 150 3279 1293 3366; baseline 0.002 -15"><span class='ocrx_word' id='word_1_207' title='bbox 150 3287 214 3351; x_wconf 89' lang='lat' dir='ltr'>sub</span> <span class='ocrx_word' id='word_1_208' title='bbox 231 3282 302 3350; x_wconf 88' lang='lat' dir='ltr'>cius</span> <span class='ocrx_word' id='word_1_209' title='bbox 319 3281 482 3348; x_wconf 86' lang='lat' dir='ltr'>libertatis</span> <span class='ocrx_word' id='word_1_210' title='bbox 499 3279 757 3363; x_wconf 82' lang='lat' dir='ltr'>integritatisque</span> <span class='ocrx_word' id='word_1_211' title='bbox 772 3288 894 3366; x_wconf 88' lang='lat' dir='ltr'>tenore,</span> <span class='ocrx_word' id='word_1_212' title='bbox 911 3301 973 3366; x_wconf 92' lang='lat' dir='ltr'>quo</span> <span class='ocrx_word' id='word_1_213' title='bbox 985 3284 1091 3349; x_wconf 89' lang='lat' dir='ltr'>Duces</span> <span class='ocrx_word' id='word_1_214' title='bbox 1111 3283 1293 3353; x_wconf 85' lang='lat' dir='ltr'>Sclavouic·</span> 
     </span>
     <span class='ocr_line' id='line_1_29' title="bbox 150 3387 1284 3478; baseline 0.003 -20"><span class='ocrx_word' id='word_1_215' title='bbox 150 3412 211 3458; x_wconf 87' lang='lat' dir='ltr'>seu</span> <span class='ocrx_word' id='word_1_216' title='bbox 228 3391 370 3458; x_wconf 85' lang='lat' dir='ltr'>Comites</span> <span class='ocrx_word' id='word_1_217' title='bbox 387 3388 427 3457; x_wconf 93' lang='lat' dir='ltr'>dc</span> <span class='ocrx_word' id='word_1_218' title='bbox 444 3389 547 3455; x_wconf 85' lang='lat' dir='ltr'>Gorra</span> <span class='ocrx_word' id='word_1_219' title='bbox 564 3387 678 3453; x_wconf 90' lang='lat' dir='ltr'>eadem</span> <span class='ocrx_word' id='word_1_220' title='bbox 698 3394 797 3456; x_wconf 88' lang='lat' dir='ltr'>autea</span> <span class='ocrx_word' id='word_1_221' title='bbox 813 3389 1034 3478; x_wconf 88' lang='lat' dir='ltr'>possederunt,</span> <span class='ocrx_word' id='word_1_222' title='bbox 1059 3390 1131 3458; x_wconf 90' lang='lat' dir='ltr'>sive</span> <span class='ocrx_word' id='word_1_223' title='bbox 1155 3411 1195 3458; x_wconf 87' lang='lat' dir='ltr'>ea</span> <span class='ocrx_word' id='word_1_224' title='bbox 1219 3393 1284 3461; x_wconf 88' lang='lat' dir='ltr'>sint</span> 
     </span>
     <span class='ocr_line' id='line_1_30' title="bbox 150 3495 1284 3585; baseline 0.002 -19"><span class='ocrx_word' id='word_1_225' title='bbox 150 3501 185 3566; x_wconf 94' lang='lat' dir='ltr'>in</span> <span class='ocrx_word' id='word_1_226' title='bbox 205 3499 312 3580; x_wconf 87' lang='lat' dir='ltr'>terris,</span> <span class='ocrx_word' id='word_1_227' title='bbox 331 3495 452 3563; x_wconf 89' lang='lat' dir='ltr'>sivein</span> <span class='ocrx_word' id='word_1_228' title='bbox 469 3496 584 3581; x_wconf 90' lang='lat' dir='ltr'>pratis,</span> <span class='ocrx_word' id='word_1_229' title='bbox 608 3495 728 3563; x_wconf 89' lang='lat' dir='ltr'>sivein</span> <span class='ocrx_word' id='word_1_230' title='bbox 744 3495 843 3582; x_wconf 91' lang='lat' dir='ltr'>villis,</span> <span class='ocrx_word' id='word_1_231' title='bbox 860 3495 929 3563; x_wconf 86' lang='lat' dir='ltr'>sive</span> <span class='ocrx_word' id='word_1_232' title='bbox 955 3497 986 3561; x_wconf 89' lang='lat' dir='ltr'>in</span> <span class='ocrx_word' id='word_1_233' title='bbox 1020 3497 1123 3585; x_wconf 88' lang='lat' dir='ltr'>silvis,</span> <span class='ocrx_word' id='word_1_234' title='bbox 1155 3500 1226 3567; x_wconf 89' lang='lat' dir='ltr'>sive</span> <span class='ocrx_word' id='word_1_235' title='bbox 1250 3501 1284 3568; x_wconf 92' lang='lat' dir='ltr'>in</span> 
     </span>
     <span class='ocr_line' id='line_1_31' title="bbox 149 3603 1284 3691; baseline 0.004 -19"><span class='ocrx_word' id='word_1_236' title='bbox 149 3605 234 3673; x_wconf 83' lang='lat' dir='ltr'>ioris</span> <span class='ocrx_word' id='word_1_237' title='bbox 250 3611 283 3674; x_wconf 88' lang='lat' dir='ltr'>et</span> <span class='ocrx_word' id='word_1_238' title='bbox 300 3603 544 3691; x_wconf 89' lang='lat' dir='ltr'>venacionibus,</span> <span class='ocrx_word' id='word_1_239' title='bbox 576 3603 647 3670; x_wconf 89' lang='lat' dir='ltr'>sive</span> <span class='ocrx_word' id='word_1_240' title='bbox 667 3603 699 3667; x_wconf 91' lang='lat' dir='ltr'>in</span> <span class='ocrx_word' id='word_1_241' title='bbox 715 3604 809 3686; x_wconf 88' lang='lat' dir='ltr'>aquis</span> <span class='ocrx_word' id='word_1_242' title='bbox 827 3613 858 3669; x_wconf 91' lang='lat' dir='ltr'>et</span> <span class='ocrx_word' id='word_1_243' title='bbox 890 3606 1057 3690; x_wconf 90' lang='lat' dir='ltr'>portubus,</span> <span class='ocrx_word' id='word_1_244' title='bbox 1088 3607 1284 3678; x_wconf 86' lang='lat' dir='ltr'>molendinis</span> 
     </span>
     <span class='ocr_line' id='line_1_32' title="bbox 152 3710 1284 3798; baseline 0.004 -19"><span class='ocrx_word' id='word_1_245' title='bbox 152 3724 185 3779; x_wconf 88' lang='lat' dir='ltr'>et</span> <span class='ocrx_word' id='word_1_246' title='bbox 200 3710 454 3798; x_wconf 90' lang='lat' dir='ltr'>piscacionibus,</span> <span class='ocrx_word' id='word_1_247' title='bbox 470 3712 539 3778; x_wconf 91' lang='lat' dir='ltr'>sive</span> <span class='ocrx_word' id='word_1_248' title='bbox 556 3710 589 3776; x_wconf 94' lang='lat' dir='ltr'>in</span> <span class='ocrx_word' id='word_1_249' title='bbox 606 3710 718 3777; x_wconf 88' lang='lat' dir='ltr'>servis</span> <span class='ocrx_word' id='word_1_250' title='bbox 734 3711 971 3794; x_wconf 83' lang='lat' dir='ltr'>icbagicnibus,</span> <span class='ocrx_word' id='word_1_251' title='bbox 987 3713 1055 3779; x_wconf 87' lang='lat' dir='ltr'>sive</span> <span class='ocrx_word' id='word_1_252' title='bbox 1065 3717 1284 3784; x_wconf 86' lang='lat' dir='ltr'>castrensibus</span> 
     </span>
     <span class='ocr_line' id='line_1_33' title="bbox 151 3817 1283 3906; baseline 0.003 -18"><span class='ocrx_word' id='word_1_253' title='bbox 151 3842 224 3888; x_wconf 91' lang='lat' dir='ltr'>cum</span> <span class='ocrx_word' id='word_1_254' title='bbox 241 3820 379 3904; x_wconf 84' lang='lat' dir='ltr'>integris</span> <span class='ocrx_word' id='word_1_255' title='bbox 394 3839 503 3886; x_wconf 89' lang='lat' dir='ltr'>corum</span> <span class='ocrx_word' id='word_1_256' title='bbox 528 3818 678 3886; x_wconf 88' lang='lat' dir='ltr'>serviciis</span> <span class='ocrx_word' id='word_1_257' title='bbox 704 3823 736 3883; x_wconf 90' lang='lat' dir='ltr'>ct</span> <span class='ocrx_word' id='word_1_258' title='bbox 767 3817 957 3906; x_wconf 87' lang='lat' dir='ltr'>redditibus,</span> <span class='ocrx_word' id='word_1_259' title='bbox 990 3821 1105 3902; x_wconf 90' lang='lat' dir='ltr'>quibus</span> <span class='ocrx_word' id='word_1_260' title='bbox 1119 3822 1200 3890; x_wconf 92' lang='lat' dir='ltr'>Duci</span> <span class='ocrx_word' id='word_1_261' title='bbox 1234 3825 1283 3891; x_wconf 90' lang='lat' dir='ltr'>vel</span> 
     </span>
     <span class='ocr_line' id='line_1_34' title="bbox 152 3926 1285 4014; baseline 0.003 -20"><span class='ocrx_word' id='word_1_262' title='bbox 152 3927 270 3994; x_wconf 85' lang='lat' dir='ltr'>Comiti</span> <span class='ocrx_word' id='word_1_263' title='bbox 288 3927 412 3995; x_wconf 86' lang='lat' dir='ltr'>servire</span> <span class='ocrx_word' id='word_1_264' title='bbox 428 3933 676 4013; x_wconf 90' lang='lat' dir='ltr'>consueverant,</span> <span class='ocrx_word' id='word_1_265' title='bbox 705 3926 774 3992; x_wconf 88' lang='lat' dir='ltr'>sive</span> <span class='ocrx_word' id='word_1_266' title='bbox 791 3928 826 3992; x_wconf 93' lang='lat' dir='ltr'>in</span> <span class='ocrx_word' id='word_1_267' title='bbox 842 3926 916 3993; x_wconf 89' lang='lat' dir='ltr'>aliis</span> <span class='ocrx_word' id='word_1_268' title='bbox 932 3929 1191 4013; x_wconf 86' lang='lat' dir='ltr'>possessionibus</span> <span class='ocrx_word' id='word_1_269' title='bbox 1208 3951 1285 4014; x_wconf 82' lang='lat' dir='ltr'>qno-</span> 
     </span>
     <span class='ocr_line' id='line_1_35' title="bbox 151 4035 1283 4122; baseline 0.003 -19"><span class='ocrx_word' id='word_1_270' title='bbox 151 4055 292 4120; x_wconf 90' lang='lat' dir='ltr'>cumque</span> <span class='ocrx_word' id='word_1_271' title='bbox 309 4035 440 4101; x_wconf 90' lang='lat' dir='ltr'>ncmine</span> <span class='ocrx_word' id='word_1_272' title='bbox 457 4041 659 4102; x_wconf 84' lang='lat' dir='ltr'>censeantur.</span> <span class='ocrx_word' id='word_1_273' title='bbox 704 4035 737 4099; x_wconf 89' lang='lat' dir='ltr'>Si</span> <span class='ocrx_word' id='word_1_274' title='bbox 756 4035 828 4118; x_wconf 89' lang='lat' dir='ltr'>quis</span> <span class='ocrx_word' id='word_1_275' title='bbox 845 4055 919 4101; x_wconf 89' lang='lat' dir='ltr'>vcro</span> <span class='ocrx_word' id='word_1_276' title='bbox 936 4046 1010 4118; x_wconf 88' lang='lat' dir='ltr'>post</span> <span class='ocrx_word' id='word_1_277' title='bbox 1026 4045 1153 4122; x_wconf 88' lang='lat' dir='ltr'>tempus</span> <span class='ocrx_word' id='word_1_278' title='bbox 1188 4039 1283 4106; x_wconf 87' lang='lat' dir='ltr'>buius</span> 
     </span>
     <span class='ocr_line' id='line_1_36' title="bbox 152 4141 1283 4231; baseline 0.001 -20"><span class='ocrx_word' id='word_1_279' title='bbox 152 4153 264 4211; x_wconf 88' lang='lat' dir='ltr'>nostre</span> <span class='ocrx_word' id='word_1_280' title='bbox 280 4141 481 4225; x_wconf 87' lang='lat' dir='ltr'>donacionis,</span> <span class='ocrx_word' id='word_1_281' title='bbox 498 4162 560 4225; x_wconf 90' lang='lat' dir='ltr'>quc</span> <span class='ocrx_word' id='word_1_282' title='bbox 576 4142 666 4208; x_wconf 81' lang='lat' dir='ltr'>sacta</span> <span class='ocrx_word' id='word_1_283' title='bbox 683 4143 742 4208; x_wconf 85' lang='lat' dir='ltr'>tuit</span> <span class='ocrx_word' id='word_1_284' title='bbox 758 4143 862 4227; x_wconf 89' lang='lat' dir='ltr'>Regni</span> <span class='ocrx_word' id='word_1_285' title='bbox 882 4143 982 4210; x_wconf 87' lang='lat' dir='ltr'>nostri</span> <span class='ocrx_word' id='word_1_286' title='bbox 1014 4163 1100 4210; x_wconf 90' lang='lat' dir='ltr'>anuo</span> <span class='ocrx_word' id='word_1_287' title='bbox 1133 4146 1283 4231; x_wconf 89' lang='lat' dir='ltr'>secundo,</span> 
     </span>
     <span class='ocr_line' id='line_1_37' title="bbox 151 4248 1286 4336; baseline 0 -18"><span class='ocrx_word' id='word_1_288' title='bbox 151 4251 277 4335; x_wconf 89' lang='lat' dir='ltr'>aliquid</span> <span class='ocrx_word' id='word_1_289' title='bbox 295 4249 451 4316; x_wconf 88' lang='lat' dir='ltr'>derebus</span> <span class='ocrx_word' id='word_1_290' title='bbox 468 4248 616 4316; x_wconf 90' lang='lat' dir='ltr'>ciusdem</span> <span class='ocrx_word' id='word_1_291' title='bbox 633 4250 832 4336; x_wconf 87' lang='lat' dir='ltr'>monasterii,</span> <span class='ocrx_word' id='word_1_292' title='bbox 858 4251 1009 4318; x_wconf 87' lang='lat' dir='ltr'>videlicet</span> <span class='ocrx_word' id='word_1_293' title='bbox 1034 4249 1075 4317; x_wconf 92' lang='lat' dir='ltr'>de</span> <span class='ocrx_word' id='word_1_294' title='bbox 1105 4251 1209 4335; x_wconf 89' lang='lat' dir='ltr'>terris,</span> <span class='ocrx_word' id='word_1_295' title='bbox 1239 4255 1286 4318; x_wconf 92' lang='lat' dir='ltr'>vi-</span> 
     </span>
     <span class='ocr_line' id='line_1_38' title="bbox 151 4357 1286 4446; baseline 0.003 -22"><span class='ocrx_word' id='word_1_296' title='bbox 151 4363 236 4446; x_wconf 89' lang='lat' dir='ltr'>neis,</span> <span class='ocrx_word' id='word_1_297' title='bbox 254 4358 448 4442; x_wconf 89' lang='lat' dir='ltr'>redditibus,</span> <span class='ocrx_word' id='word_1_298' title='bbox 464 4357 613 4424; x_wconf 88' lang='lat' dir='ltr'>serviciis</span> <span class='ocrx_word' id='word_1_299' title='bbox 630 4363 662 4422; x_wconf 89' lang='lat' dir='ltr'>ct</span> <span class='ocrx_word' id='word_1_300' title='bbox 679 4359 818 4424; x_wconf 82' lang='lat' dir='ltr'>maxims</span> <span class='ocrx_word' id='word_1_301' title='bbox 836 4358 876 4425; x_wconf 92' lang='lat' dir='ltr'>dc</span> <span class='ocrx_word' id='word_1_302' title='bbox 893 4358 1143 4443; x_wconf 85' lang='lat' dir='ltr'>piscacionibus,</span> <span class='ocrx_word' id='word_1_303' title='bbox 1156 4357 1286 4427; x_wconf 80' lang='lat' dir='ltr'>iraudu-</span> 
     </span>
     <span class='ocr_line' id='line_1_39' title="bbox 152 4463 1286 4552; baseline 0.002 -19"><span class='ocrx_word' id='word_1_304' title='bbox 152 4469 256 4535; x_wconf 87' lang='lat' dir='ltr'>leuter</span> <span class='ocrx_word' id='word_1_305' title='bbox 273 4466 326 4532; x_wconf 87' lang='lat' dir='ltr'>val</span> <span class='ocrx_word' id='word_1_306' title='bbox 344 4466 503 4531; x_wconf 85' lang='lat' dir='ltr'>violenter·</span> <span class='ocrx_word' id='word_1_307' title='bbox 520 4463 725 4544; x_wconf 82' lang='lat' dir='ltr'>subtraxerit,</span> <span class='ocrx_word' id='word_1_308' title='bbox 758 4464 902 4534; x_wconf 89' lang='lat' dir='ltr'>districte</span> <span class='ocrx_word' id='word_1_309' title='bbox 934 4465 1132 4552; x_wconf 89' lang='lat' dir='ltr'>precipimus</span> <span class='ocrx_word' id='word_1_310' title='bbox 1164 4473 1196 4533; x_wconf 92' lang='lat' dir='ltr'>ct</span> <span class='ocrx_word' id='word_1_311' title='bbox 1226 4468 1286 4535; x_wconf 93' lang='lat' dir='ltr'>sub</span> 
     </span>
     <span class='ocr_line' id='line_1_40' title="bbox 150 4569 1284 4661; baseline 0 -19"><span class='ocrx_word' id='word_1_312' title='bbox 150 4595 238 4661; x_wconf 90' lang='lat' dir='ltr'>pena</span> <span class='ocrx_word' id='word_1_313' title='bbox 253 4573 358 4656; x_wconf 83' lang='lat' dir='ltr'>Regia</span> <span class='ocrx_word' id='word_1_314' title='bbox 373 4571 614 4658; x_wconf 87' lang='lat' dir='ltr'>indignacionis</span> <span class='ocrx_word' id='word_1_315' title='bbox 631 4569 797 4660; x_wconf 90' lang='lat' dir='ltr'>edicimus,</span> <span class='ocrx_word' id='word_1_316' title='bbox 815 4573 901 4656; x_wconf 88' lang='lat' dir='ltr'>quod</span> <span class='ocrx_word' id='word_1_317' title='bbox 927 4573 1007 4640; x_wconf 91' lang='lat' dir='ltr'>illud</span> <span class='ocrx_word' id='word_1_318' title='bbox 1031 4583 1181 4642; x_wconf 86' lang='lat' dir='ltr'>cessante</span> <span class='ocrx_word' id='word_1_319' title='bbox 1209 4596 1284 4643; x_wconf 91' lang='lat' dir='ltr'>con-</span> 
     </span>
    </p>
   </div>
   <div class='ocr_carea' id='block_1_3' title="bbox 0 0 1596 5200">
    <p class='ocr_par' dir='ltr' id='par_1_3' title="bbox 0 0 1596 5200">
     <span class='ocr_line' id='line_1_41' title="bbox 0 0 1596 5200; baseline 0 0"><span class='ocrx_word' id='word_1_320' title='bbox 0 0 1596 5200; x_wconf 95' lang='lat' dir='ltr'> </span> 
     </span>
    </p>
   </div>
  </div>
 </body>
</html>
