3116 5186
608 1015 681 1081 201.

101 1205 117 1269 l
123 1205 150 1272 V.
165 1211 242 1276 Bata
256 1211 365 1297 kirtly
384 1216 560 1300 anapaesto·
575 1239 596 1278 a
621 1217 864 1303 panuculalmt'
894 1223 1063 1306 apdtadqot
1094 1215 1208 1285 Almeie
1309 1291 1313 1296 ,

418 1321 543 1408 helyedq
559 1320 759 1389 birtoltoibuo.
782 1323 878 1393 1236.

191 1515 255 1582 Mos
272 1513 389 1584 (lomes
406 1517 594 1603 Stephanus
611 1519 729 1586 Bubelr
746 1519 855 1588 ludex
870 1517 969 1588 Ourie
999 1519 1208 1589 serenissimi

100 1618 241 1708 Principis
258 1624 382 1694 domini
397 1626 553 1695 Lodouici
569 1628 630 1694 Dei
646 1627 760 1712 grecia
776 1629 884 1696 Incliti
910 1629 1009 1714 Regis
1042 1631 1210 1714 Bungaric

100 1729 151 1792 stb.
166 1731 246 1812 quud
263 1732 366 1800 frater
381 1734 506 1802 Paulus
523 1735 654 1802 Ordinis
670 1735 784 1802 Sancti
801 1735 972 1803 Benedicti
987 1757 1045 1823 pro
1056 1737 1210 1821 religioso

99 1836 157 1902 uiro
171 1837 298 1907 domino
315 1841 415 1909 fratre
432 1843 572 1911 Scffrido
588 1843 716 1912 abbate
732 1845 877 1913 Ecclesia
893 1846 1006 1914 Sancti
1022 1846 1154 1914 Martini
1170 1846 1211 1912 de

99 1941 185 2010 Sucro
200 1949 309 2017 Monte
324 1949 495 2020 Pannonia
512 1953 574 2021 stb.
592 1955 625 2020 in
642 1953 768 2022 octauis
785 1953 859 2020 sesti
885 1953 979 2020 Beati
1009 1954 1109 2039 Regis
1140 1953 1209 2020 Ste-

99 2051 186 2136 phani
202 2057 234 2122 in
250 2078 339 2124 anno
355 2061 503 2144 proxime
518 2066 685 2128 transacto
717 2061 881 2146 preteritis
913 2062 946 2127 in
977 2061 1081 2146 figura
1112 2061 1213 2130 nostri

99 2156 205 2248 ludicij
224 2168 444 2254 comparando
462 2175 578 2236 contra
594 2170 789 2255 Magistrum
806 2167 1018 2238 Hanchonem
1035 2169 1213 2237 doNenmil

98 2269 212 2339 litteras
229 2274 373 2360 Capituli
391 2276 539 2344 Bcclesie
555 2278 789 2361 strigoniensis
806 2280 867 2346 stb.
883 2297 1035 2346 asserens
1046 2279 1213 2346 accionem

17 2443 19 2454 .
99 2378 366 2468 predictijoomint
383 2385 519 2453 Abbatis
547 2386 665 2454 litteris
697 2387 855 2473 explicari
889 2387 923 2452 in
956 2387 1089 2474 eisdem,
1122 2388 1215 2453 nobis

98 2495 321 2578 presentasset,
339 2494 423 2559 inter
439 2501 546 2561 cetera
562 2493 787 2562 declarantes:
806 2494 979 2578 quodcum
996 2497 1102 2581 ipsum
1120 2495 1216 2580 Oapi·
1336 2509 1337 2512 ’

98 2595 188 2663 tulum
205 2599 434 2686 strigoniense
450 2604 562 2691 Regijs
578 2605 744 2672 mandatis
761 2605 808 2672 eis
843 2605 1033 2672 litteratorie
1064 2605 1217 2672 iniunctis

101 2701 220 2774 obedire
236 2709 385 2794 cupiens,
403 2731 468 2776 vna
485 2731 556 2778 cum
584 2711 741 2796 Magistro
774 2711 941 2800 Stephano
972 2710 1218 2780 Prothonotario

99 2821 209 2900 nostro,
237 2817 369 2884 homine
400 2819 503 2904 Regio
534 2820 577 2886 ad
610 2819 819 2906 infrascripta
850 2819 1001 2887 facienda
1031 2820 1218 2904 specialiter

25 2986 30 2995 ,
101 2927 296 3011 transmisso,
314 2927 487 2996 discretum
505 2929 607 2997 virum
625 2930 815 3014 Magistrum
833 2929 1027 3015 Gregorium
1044 2931 1168 2997 socium
1185 2933 1217 2994 et

99 3036 342 3102 concanonicum
360 3058 472 3106 eorum
488 3038 649 3106 hominem
666 3040 810 3124 ipsorum
827 3039 871 3106 ad
887 3038 1137 3107 reambulandas
1155 3057 1217 3104 mc·

100 3147 144 3209 tas
165 3145 387 3229 possessionis
412 3146 525 3212 Almas
559 3151 673 3213 vocate
703 3145 739 3212 in
771 3146 934 3214 comitatu
965 3145 1221 3213 Comaromiensi

101 3253 261 3321 existentis
279 3255 535 3340 transmisisset,
559 3255 692 3321 tandem
708 3251 806 3339 ijdem
832 3255 875 3321 ad
900 3255 1006 3341 ipsum
1034 3251 1219 3340 Capitulum

99 3360 212 3428 reuersi
229 3362 293 3429 stb.
312 3361 515 3448 reculissent,
532 3362 705 3445 quodcum
737 3363 801 3448 ipsi
831 3361 915 3429 seria
946 3370 1039 3430 senta
1069 3363 1220 3448 proxima

99 3476 166 3552 post
180 3469 301 3538 festum
318 3470 410 3536 Beati
427 3469 591 3537 Dominici
607 3470 800 3538 confessoris
817 3471 961 3558 proxime
993 3479 1069 3538 tunc
1101 3479 1221 3557 preter·

100 3577 149 3666 ito,
162 3587 316 3667 presente
331 3581 488 3666 Magistro
502 3581 679 3648 Francisco
696 3579 832 3668 physico
843 3587 875 3648 et
885 3589 1096 3667 procuratore
1105 3580 1223 3666 Regali

101 3688 131 3755 in
160 3692 280 3760 faciem
314 3691 532 3778 possessionis
550 3691 662 3756 Almus
681 3691 743 3758 stb.
762 3691 987 3778 accessissent,
1012 3691 1113 3760 frater
1139 3692 1221 3757 Pau·

101 3798 146 3867 lus
160 3806 353 3887 procurator
367 3801 488 3869 domini
505 3800 644 3891 Abbatis
661 3801 799 3886 predicti
817 3802 863 3868 eis
874 3801 1038 3885 quoddam
1050 3802 1223 3884 registrum

102 3917 329 3995 presentasset‚
347 3930 411 3996 quo
428 3908 558 3994 quidem
575 3908 714 3992 registro
730 3911 800 3977 viso
816 3909 880 3995 ipsi
896 3910 990 3976 iuxta
1007 3909 1123 3976 seriem
1141 3907 1224 3974 eius·

102 4015 169 4085 dem
186 4019 331 4105 registri,
349 4025 381 4084 et
396 4017 614 4086 ostensionem
641 4017 752 4086 fratris
778 4018 873 4085 Pauli
905 4016 1017 4083 taliter
1046 4015 1224 4101 processis·

102 4135 169 4194 sent
185 4152 193 4194 ι
211 4125 300 4213 qnod
316 4126 420 4211 primo
437 4127 529 4193 iuxta
546 4126 745 4212 Danubium,
761 4145 826 4192 non
852 4125 949 4210 longe
973 4146 993 4191 a
1024 4124 1088 4191 fine
1119 4123 1226 4190 insule

104 4238 237 4318 quatuor
253 4241 359 4305 metas
377 4235 575 4321 reperissent
589 4235 651 4303 stb.
669 4233 829 4321 premissa
845 4234 955 4300 omnia
980 4232 1077 4300 metis
1107 4251 1226 4299 memo·

17 4357 19 4368 ²
102 4347 175 4414 ratis
192 4345 334 4430 inclusa,
350 4352 459 4430 preter
475 4341 639 4429 quandam
657 4347 742 4410 terre
767 4342 961 4427 particulam
993 4362 1052 4427 per
1082 4341 1226 4410 Marcum

17 4453 21 4546 J,
103 4453 273 4523 officialem
311 4453 505 4523 Hanchonis
536 4451 709 4520 inhibitam
744 4472 815 4520 curn
848 4451 1051 4520 dimidietate
1081 4447 1224 4533 Danubij

17 4595 20 4658 ἰ
104 4583 199 4650 reque
216 4565 397 4633 Zichwatw
421 4564 508 4632 nullo
540 4561 780 4630 contradictore
811 4569 992 4649 apparente
1025 4558 1228 4629 annectendo

17 4723 19 4776 t
105 4674 294 4742 statuissent
310 4679 343 4741 et
358 4673 570 4759 reliquissent
585 4671 785 4758 possessioni
816 4670 929 4740 Almas
959 4676 1149 4758 prenotate;
1172 4669 1229 4754 qui
