3182 5200
918 1003 972 1072 ¹2⁰.

1578 933 1580 988 l

1579 1003 1580 1044 l

1577 1129 1580 1178 ι

269 1223 270 1228 ’
378 1203 425 1275 ΙΙ.
442 1201 870 1292 Mourmateanos
895 1207 1076 1290 ¹1quth
1100 1209 1255 1291 tdrpyded
1277 1203 1466 1289 amaya
1491 1228 1520 1270 tv
1577 1215 1580 1316 l

667 1312 1089 1401 opukutepecuomora.
1116 1309 1216 1376 1213.

483 1511 525 1580 n
557 1507 687 1576 umas
725 1507 843 1576 aare
874 1504 1048 1574 nrrnrass
1081 1511 1130 1571 a.
1144 1502 1318 1572 noturus
1350 1503 1508 1574 unrass
1579 1471 1580 1526 ³

374 1615 607 1692 mussabat
623 1611 918 1700 graclaflmgarie
933 1611 1004 1679 Rex
1020 1618 1082 1680 eto.
1106 1611 1197 1678 Liost
1212 1612 1322 1679 omnia
1346 1609 1510 1698 Ontorai-
1579 1599 1580 1688 ᾗ

366 1727 463 1798 ¹ausis
478 1723 611 1794 Ordinis
643 1721 854 1806 domama,
884 1738 950 1804 qne
982 1717 1060 1788 olim
1092 1719 1178 1787 bone
1209 1719 1363 1787 memorie
1393 1728 1506 1806 patrea
1579 1731 1581 1794 ὲ

372 1834 478 1903 uosui
496 1834 601 1916 Reum
617 1827 789 1913 amasse
802 1830 1066 1911 construxerunt,
1096 1825 1286 1912 specialiter
1317 1825 1514 1913 diligamus,
1579 1823 1581 1906 l

374 1941 517 2014 manime
534 1939 613 2024 quia
626 1936 746 2006 mteris
769 1936 840 2006 Deo
866 1935 990 2002 firmius
1021 1933 1170 2004 inherere
1202 1942 1234 2001 et
1266 1940 1332 2004 tam
1359 1934 1509 2002 msidnis
1579 1947 1581 2030 ξ

371 2071 470 2134 quam
486 2046 612 2119 devotis
626 2045 814 2114 orationum
838 2042 1017 2129 gemitibus
1049 2041 1140 2110 celos
1171 2041 1303 2127 pulsare
1333 2048 1368 2110 ut
1398 2041 1509 2128 ipsum

370 2157 514 2226 calonum
530 2152 696 2221 domiuum
713 2149 901 2236 lrequonter
917 2169 975 2236 pru
1004 2147 1126 2216 nosuis
1152 2147 1342 2216 excessibus
1363 2168 1505 2218 exorare
1579 2177 1581 2222 ς

372 2262 548 2332 creduntur
564 2284 571 2326 ε
587 2257 784 2324 Monasterio
799 2263 911 2324 muron
926 2257 968 2322 da
995 2255 1145 2342 duplica,
1179 2254 1266 2339 quod
1296 2253 1340 2321 de
1370 2259 1509 2342 proprio
1580 2287 1581 2350 j

368 2379 480 2438 nostro
498 2365 705 2434 fundavimus
719 2365 824 2449 Regni
839 2363 941 2432 nostri
956 2383 1045 2432 anno
1058 2364 1173 2450 primo,
1186 2361 1337 2449 ampliori
1349 2361 1513 2432 dileetio·-

370 2476 422 2542 nis
435 2472 647 2560 prerogativa
662 2479 817 2556 tenemur,
834 2489 872 2540 oo
890 2470 977 2558 quod
993 2469 1126 2538 Fratres
1137 2468 1390 2538 clarevallensis
1401 2467 1503 2540 Oeno·
1580 2527 1581 2532 ,

371 2581 417 2649 bii
433 2579 513 2649 inibi
530 2579 779 2652 convocavimus
794 2579 838 2648 ad
863 2584 1069 2648 sacrosancte
1087 2576 1255 2662 religionis
1276 2585 1502 2666 augmentum,

368 2689 425 2773 uui
442 2695 474 2755 ot
503 2690 574 2756 Deo
603 2685 769 2754 indefesse
794 2686 947 2772 serviant,
978 2692 1011 2753 et
1042 2685 1145 2770 ipsius
1176 2683 1434 2754 misericordiam
1466 2688 1507 2756 iu:
1580 2691 1582 2752 l

371 2793 520 2862 districto
551 2794 701 2862 examine
731 2793 827 2860 nobis
863 2790 1005 2860 assiduis
1038 2792 1248 2861 oracionibus
1277 2793 1413 2861 valeant
1442 2797 1503 2863 im·

368 2910 509 2988 patrare.
536 2899 580 2968 Ut
605 2901 704 2987 igitur
730 2901 962 2987 temporalibus
988 2901 1145 2971 subsidiis
1171 2900 1368 2969 sufficienter
1393 2901 1500 2972 adiuti
1576 2889 1582 2970 ξ

365 3010 500 3080 liberius
514 3007 587 3076 Deo
603 3014 732 3096 vacent,
750 3008 815 3076 illis
831 3027 890 3093 pro
914 3008 1023 3076 anime
1049 3015 1160 3076 nostm
1186 3008 1328 3078 remedio
1357 3016 1390 3078 et
1408 3019 1505 3080 ante·v
1580 3005 1582 3090 ζ

367 3136 530 3186 cessorem
555 3121 754 3199 nostrorum,
783 3114 931 3185 dedimus
956 3121 1058 3182 tutum
1085 3115 1279 3183 comitatum
1309 3117 1351 3184 de
1383 3118 1500 3205 Gerra,
1580 3109 1582 3146 ³

364 3226 451 3294 moue
467 3225 559 3292 illurn
575 3222 780 3310 possedimus
797 3223 874 3290 dum
891 3223 965 3290 Dux
990 3221 1108 3291 luimus
1125 3225 1210 3290 ultra
1236 3223 1399 3308 Drarvam,
1425 3248 1515 3296 cum*

364 3331 487 3420 prediis
504 3339 536 3400 et
550 3330 647 3398 metis
661 3350 784 3416 eorum,
802 3349 874 3396 cum
890 3331 986 3413 aquis
1001 3338 1032 3398 et
1050 3330 1299 3415 piscacionibus,
1315 3351 1389 3399 oum
1399 3335 1499 3402 terris

364 3449 397 3506 ct
414 3441 525 3526 pratis,
543 3459 615 3507 cum
632 3439 819 3505 nemoribus
837 3443 868 3504 et
884 3437 975 3504 silvis
993 3445 1025 3504 et
1051 3437 1377 3525 venacionibns,cnm
1393 3441 1499 3509 omni·
1581 3471 1582 3476 ¹

365 3549 426 3614 bus
457 3544 647 3630 redditibus,
680 3544 968 3612 consuetudinibus
986 3550 1018 3611 et
1042 3545 1166 3611 cuncus
1196 3543 1403 3631 utilitatibus,
1433 3569 1498 3635 que

363 3653 474 3719 omnia
499 3651 546 3717 ita
571 3653 673 3718 libere
688 3659 834 3738 ‘tenweant
850 3651 934 3718 sicut
949 3668 988 3718 sa
1004 3650 1176 3735 tenuimus,
1195 3671 1265 3718 cum
1281 3653 1356 3720 Dux
1373 3653 1497 3729 fuimus

366 3759 454 3824 ultra
471 3757 635 3848 Dravvam,
656 3760 799 3844 exeeptis
815 3779 872 3828 sex
897 3760 1177 3846 generationibus.
1206 3751 1365 3829 Addimus
1389 3765 1505 3834 eciam».

360 3865 440 3933 huic
456 3866 630 3938 donacioni
653 3876 764 3936 nostre
789 3872 912 3934 tanum
940 3866 1100 3935 libertatis
1125 3866 1377 3955 prerogativam,
1404 3877 1496 3956 quod

361 3973 471 4039 nullus
499 3972 619 4059 Banus,
644 3971 754 4040 nullm
778 3971 875 4040 iudex
897 3992 958 4040 nec
982 3971 1103 4056 aliquis
1129 3973 1224 4056 alius,
1248 3982 1357 4059 preter
1372 3977 1496 4048 bonam

360 4082 560 4146 voluntatem
571 4080 717 4164 Abbatis,
735 4099 830 4164 super
846 4078 966 4146 dietum
986 4081 1218 4148 monasterium
1234 4081 1421 4170 descendat,
1437 4088 1497 4154 vel

361 4207 460 4273 super
476 4187 632 4273 populum
648 4188 729 4272 eius,
746 4186 800 4253 vel
815 4185 951 4252 eundem
968 4190 1121 4274 populum
1140 4188 1261 4256 audeat
1277 4186 1422 4260 iudicare
1438 4195 1496 4261 vel

360 4295 394 4360 in
410 4293 563 4361 iudicium
582 4293 709 4361 trahere
721 4301 796 4361 ante
808 4295 986 4379 quamlibet
1000 4315 1174 4383 personam
1190 4300 1300 4380 preter
1314 4315 1494 4381 personam

361 4401 471 4485 Regis.
489 4400 643 4486 Hospites
661 4409 768 4468 autem
785 4387 818 4467 et
835 4409 1017 4471 castrenses
1033 4403 1136 4471 tocius
1153 4403 1369 4489 prenominati
1386 4403 1495 4472 Oomi-

359 4513 449 4571 tatus
464 4506 594 4575 solvant
609 4510 643 4576 in
660 4510 854 4576 monasterio
870 4511 1004 4596 'l'oplloe
1029 4511 1150 4596 singuli
1166 4508 1206 4577 de
1232 4509 1370 4594 singulis
1395 4531 1499 4580 man·

358 4613 504 4679 sionibus
520 4616 688 4683 annuatim
704 4617 900 4683 marturinae
925 4617 1008 4686 siout
1024 4617 1118 4685 nobis
1133 4619 1260 4684 solvere
1275 4619 1438 4704 solebant,
1458 4629 1495 4687 et
1581 4655 1582 4686 i
