3182 5200
872 257 1032 356 „ms-

393 471 445 520 res
463 450 533 520 eius
552 449 697 516 detinere
713 458 890 535 presumat,
908 449 1080 517 dommodo
1097 448 1139 516 de
1154 448 1337 517 recessione
1354 449 1426 516 eius
1452 453 1519 518 nul·
1580 417 1582 534 l

392 560 459 626 lum
476 537 618 640 domino,
635 556 675 624 de
692 558 783 624 cuius
815 565 902 625 terra
932 557 1080 642 recessit,
1114 556 1325 642 preludicium
1355 556 1522 623 inseratur.
1579 539 1582 660 5

391 665 482 732 Sicut
497 673 606 734 autern
624 665 706 732 liber
723 665 867 749 intravit,
885 665 932 730 lta
948 663 1077 747 quando
1095 663 1235 730 volucrit
1267 663 1349 728 liber
1365 663 1520 731 discedat.
1580 667 1582 756 5

392 775 483 841 Sicut
499 776 610 856 itaque
627 771 729 855 Regni
748 772 848 838 nostri
865 770 1068 836 consuetudo
1086 769 1248 854 legittima
1275 771 1437 854 exigebat,
1466 793 1520 840 nos
1581 778 1583 832 t

393 887 587 948 memoratos
603 879 722 946 fratres
740 880 861 946 Domus
879 875 1159 945 Oblareuallensis
1177 879 1209 944 iu
1242 878 1371 962 pretate
1405 880 1519 946 elemo-

396 986 465 1054 sine
482 993 592 1053 nostre
608 986 850 1072 possessionem
877 1004 935 1069 per
950 984 1145 1068 pristaldum
1178 993 1334 1070 nostrum,
1368 985 1521 1054 videlicet
1581 983 1583 1030 ⁴

392 1095 568 1161 Martinam
585 1093 685 1160 lilium
703 1094 809 1176 Woya
827 1092 985 1158 Comitem
1002 1092 1150 1174 legitime
1181 1091 1317 1159 fecimus
1349 1095 1522 1161 introduci.

394 1198 456 1276 Qui
474 1199 696 1286 pertinencias
714 1201 860 1266 ciusdem
876 1199 1066 1265 Monastcrii
1093 1219 1164 1265 oum
1193 1199 1342 1284 diligenti
1373 1204 1522 1270 examine

397 1309 428 1372 in
446 1308 576 1393 scriptis
591 1306 752 1391 redactas,
769 1314 865 1392 prout
880 1305 913 1372 in
930 1305 1073 1391 presenti
1083 1307 1206 1389 pagina
1220 1309 1369 1392 superius
1385 1311 1519 1376 suntde·

394 1416 526 1501 scripte,
542 1415 602 1483 sub
617 1414 720 1500 sigilli
738 1415 788 1481 sui
805 1414 992 1481 testimonio
1009 1412 1183 1480 roboravit.
1210 1411 1389 1481 statuimus
1416 1417 1520 1482 eciam

396 1528 427 1588 et
442 1522 558 1605 Regali
575 1523 767 1590 auctoritate
784 1523 972 1600 sendimus,
989 1520 1077 1602 quod
1110 1521 1172 1585 hoc
1207 1522 1436 1588 llonasterium
1472 1544 1522 1590 no
1582 1543 1583 1602 t

394 1635 494 1696 strum
511 1630 552 1696 de
569 1630 708 1718 Toplica
723 1631 845 1714 Regale
862 1629 915 1714 sit,
931 1629 1064 1694 inmune
1082 1638 1114 1694 ct
1130 1628 1270 1693 liberum
1288 1636 1321 1694 ct
1347 1650 1366 1694 a
1392 1631 1521 1698 iurisdi·
1580 1631 1583 1688 l

394 1738 486 1805 cione
503 1737 675 1805 cuiuslibet
690 1737 809 1805 iudicis
827 1743 935 1821 preter
950 1735 1051 1817 Regis
1067 1740 1262 1820 exemptum.
1279 1737 1396 1803 Nullos
1411 1737 1520 1806 Barrus
1581 1693 1584 1802 l

396 1864 452 1910 seu
468 1845 593 1930 Comes,
607 1866 667 1913 sen
683 1845 767 1913 alius
783 1845 882 1912 iudex
898 1843 984 1909 infra
999 1844 1152 1910 terminos
1169 1854 1278 1909 nostre
1289 1845 1440 1926 potencie
1450 1865 1521 1912 con·

400 1953 532 2021 stitutus
550 1973 648 2040 super
662 1953 818 2040 populum
835 1952 937 2037 ipsius
954 1950 1140 2018 Mouasterii
1156 1950 1310 2037 iudicare,
1326 1953 1379 2018 vel
1396 1953 1429 2018 iu
1454 1973 1514 2038 por
1581 2019 1584 2062 5

396 2059 557 2128 tineneias
575 2062 645 2129 eius
662 2060 903 2128 iurisdicioncm
920 2059 1041 2124 audeat
1056 2079 1215 2142 exercere,
1225 2067 1333 2144 preter
1351 2078 1522 2143 personam
1582 2063 1584 2124 i

394 2167 504 2254 Regis,
518 2168 570 2234 vel
588 2188 660 2236 eum
685 2167 838 2250 iudicem,
874 2165 929 2248 qui
960 2165 1003 2231 ad
1035 2165 1229 2250 peticionem
1255 2166 1394 2233 Abbatis
1426 2166 1524 2236 fuerit
1582 2194 1584 2256 5

397 2274 506 2342 ludex
523 2274 715 2341 constitutus
733 2273 838 2340 eidem
854 2271 1055 2340 Monasterio
1073 2272 1243 2356 delegatus
1259 2293 1280 2340 a
1295 2275 1394 2358 Rege.
1411 2275 1524 2342 Abbus
1582 2261 1584 2322 l

396 2401 472 2449 vero
489 2382 671 2468 plenariam
688 2387 718 2447 et
734 2381 990 2462 irrefragabilem
1019 2379 1140 2445 habeat
1172 2385 1365 2465 potestatem
1398 2383 1523 2448 univer·
1582 2433 1584 2462 5

395 2507 467 2555 sum
484 2489 640 2573 populum
656 2506 748 2554 suum
765 2487 891 2570 velpcr
908 2485 1010 2552 sevcl
1028 2505 1194 2570 persuum
1223 2485 1379 2553 Comitem
1412 2487 1521 2555 Curia·
1582 2465 1584 2538 ἶ

396 2599 458 2662 lem
478 2595 630 2681 iudicare,
647 2595 707 2662 sub
724 2596 795 2662 eius
811 2593 971 2663 libertatis
988 2602 1020 2660 et
1037 2595 1209 2678 potestatis
1226 2593 1443 2683 plenitudine,
1461 2618 1534 2680 qua.
1582 2589 1585 2694 ‘5

397 2701 539 2772 Comites
556 2703 597 2769 de
614 2701 718 2770 Gcrra
734 2701 871 2768 eundem
889 2697 1162 2786 populum'antea
1178 2699 1377 2769 iudicabant.
1420 2703 1460 2768 Rt
1492 2709 1527 2769 ut
1583 2699 1585 2766 ἶ

396 2811 538 2878 breviter
555 2809 781 2877 concludemus
799 2834 807 2874 :
825 2809 945 2876 dietum
965 2808 1195 2875 Monasterium
1215 2809 1255 2875 de
1271 2809 1409 2895 Toplica
1433 2819 1526 2878 tauta
1583 2813 1585 2904 ξ

269 2949 271 2956 ⁴
331 2977 337 2986 .
396 2917 569 3004 libertatis,
585 2917 798 2985 immunitatis
830 2925 862 2983 et
893 2917 1100 2983 auctoritatis
1130 2915 1272 3000 gaudeat
1301 2923 1528 3006 prerogativa,
1583 2931 1585 3022 5

396 3039 520 3110 quauta
529 3033 640 3092 cetera
651 3024 853 3092 Monastaria
862 3023 1001 3110 Regalia
1012 3043 1053 3092 ex
1064 3025 1526 3096 concessioneantecessornm
1583 3037 1585 3126 5

396 3143 578 3201 nostrorum
595 3134 797 3218 proeminere
813 3139 998 3199 noscuntur.
1031 3130 1190 3197 Prediotis
1224 3132 1379 3200 tratribus
1406 3138 1531 3203 uostris
1583 3167 1585 3222 j

398 3243 438 3310 de
453 3242 592 3329 Toplica
609 3242 650 3308 dc
667 3239 830 3308 solucione
847 3238 960 3307 tributi
977 3238 1094 3305 tamin
1112 3238 1201 3306 exitu
1219 3247 1250 3306 et
1265 3238 1401 3305 introitu
1419 3255 1525 3327 porta·
1579 3225 1585 3322 l

396 3370 476 3435 rum,
492 3369 589 3434 quam
605 3350 640 3416 in
657 3349 772 3415 ceteris
790 3347 868 3414 locis
884 3347 1065 3433 Hungarie,
1081 3347 1115 3412 iu
1134 3346 1251 3430 quibus
1267 3355 1469 3416 mercaturas
1485 3351 1530 3418 ad

397 3457 546 3541 proprios
563 3474 639 3523 usus
657 3455 861 3534 exercebunt,
889 3473 959 3522 cam
993 3453 1201 3520 concedimus
1234 3453 1431 3538 libertatem,
1463 3479 1530 3543 qna
1584 3459 1585 3502 ³

395 3562 567 3647 Agrieusis
592 3573 624 3630 et
648 3561 839 3630 Pelisiensis
872 3561 1017 3628 Ecclesia
1049 3581 1090 3628 ex
1121 3560 1237 3646 Regali
1269 3560 1353 3630 dono
1384 3571 1530 3634 utuntur.

398 3670 500 3738 Huius
519 3669 627 3753 itaque
643 3669 818 3738 elemosine
834 3676 943 3734 nostre
960 3675 1106 3734 tenorem
1123 3675 1282 3752 perpetuo
1298 3675 1405 3734 ratum
1427 3672 1531 3740 invio·

398 3777 595 3862 labilemquc
610 3776 680 3844 fore
695 3778 879 3861 statuimus,
897 3795 1034 3858 eumque
1053 3775 1248 3843 auctoritate
1273 3775 1376 3858 Regia
1392 3779 1532 3860 perben-

398 3889 480 3952 niter
497 3884 722 3952 confirmamus
739 3904 796 3969 per
812 3891 997 3968 presentem
1014 3883 1170 3967 paginam
1189 3881 1300 3966 sigillo
1316 3891 1427 3951 nostro
1460 3908 1533 3954 mu·

397 3996 509 4062 nitam.
533 3994 654 4059 Datum
671 4013 729 4078 per
745 4012 859 4058 manus
877 3991 1025 4076 Magistri
1041 3990 1174 4077 Thome,
1201 3991 1285 4057 Aule
1309 3991 1411 4075 Regie
1444 3995 1532 4061 Can-

397 4103 523 4169 cellarii
549 4111 581 4167 et
613 4099 863 4186 Bcnprimieusis
894 4097 1065 4184 Prepositi‚
1101 4119 1187 4166 anno
1218 4098 1260 4164 ab
1291 4099 1534 4169 lucarnacione
1583 4097 1585 4108 '

401 4209 530 4276 Domini
546 4205 691 4275 Mcoxi.
717 4204 906 4274 Venerabili
931 4206 1080 4273 Johanne
1111 4205 1328 4289 strigoniensi
1359 4207 1537 4296 Arelriepi-
1583 4195 1585 4206 ¹

397 4336 506 4400 scopo,
523 4313 714 4382 Reverendo
731 4313 886 4380 Bertoldo
904 4313 1074 4380 Colocenci
1091 4313 1203 4380 Rlento
1220 4319 1252 4380 et
1269 4313 1360 4379 Bano
1389 4317 1537 4388 existen·
1584 4343 1585 4404 j

398 4423 494 4508 tibus,
520 4421 650 4488 Kalano
667 4419 1022 4505 Quinqueeeclesieusi,
1052 4419 1206 4487 Bolezlao
1223 4419 1402 4509 Waciensi,
1436 4423 1537 4496 Cata·
1582 4405 1585 4476 l

399 4550 484 4618 pano
501 4529 662 4616 Agriensi,
696 4530 838 4614 Symone
854 4529 1072 4614 Waradiensi,
1104 4529 1279 4598 Desiderio
1296 4528 1537 4624 Obanadiensi,
1583 4541 1585 4630 ζ
