3160 5208
854 306 1015 408 ..2:29..
1075 401 1082 406 ,

349 499 537 572 soumuadit
552 501 644 571 illum
660 499 815 590 dolmod,
830 507 863 568 et
881 501 1055 570 reuertitur
1070 519 1174 588 nsque
1188 501 1261 588 rvr,
1278 508 1311 571 at
1326 499 1423 570 iuxta
1438 503 1505 570 'rvi
1574 459 1576 518 5

363 608 460 680 uadit
474 609 530 676 niu
546 611 591 679 ad
606 609 903 698 semptomtrionem
921 628 1022 693 nsque
1037 609 1080 677 ad
1090 616 1209 678 terram
1220 609 1501 694 rdwomioorum3
1574 693 1576 706 Ι

353 723 402 787 net
416 717 495 786 iude
509 717 648 787 deotitnr
663 716 707 784 ad
723 718 880 785 orientem
905 736 965 803 per
989 717 1135 787 eleuatas
1166 723 1271 786 metas
1301 735 1375 788 oum
1406 725 1501 786 terra

354 825 628 895 uduornicorum
643 845 746 909 nsque
761 823 806 892 ad
821 824 962 910 priorem
978 833 1107 894 metum.

474 935 556 1002 Item
572 933 673 1002 uliam
687 941 806 1002 terrum
822 933 954 1001 nomina
971 930 1123 1020 Ohykam
1138 935 1173 1000 in
1189 931 1413 1002 Ohenadiensi
1440 933 1501 1000 Oe
1560 939 1563 946 ’

349 1041 485 1111 :mitatu
501 1042 598 1110 sitam
613 1048 647 1111 et
662 1041 706 1108 ad
731 1041 838 1127 ipsum
862 1041 1014 1109 Casuum
1046 1041 1270 1128 pertinentem,
1301 1059 1402 1128 super
1436 1060 1506 1126 qna
1575 1039 1576 1090 ἲ

350 1149 507 1218 eoeleste
522 1149 558 1216 iu
573 1149 696 1218 honore
719 1147 835 1218 Sanoti
865 1147 998 1216 hinrtini
1028 1155 1216 1218 oonstruota
1246 1156 1306 1237 ast,
1338 1169 1403 1234 qne
1436 1148 1505 1216 luit
1575 1181 1576 1228 3

368 1264 458 1326 terra
473 1257 547 1324 Yan
563 1255 782 1343 centurionis,
798 1275 870 1324 eum
898 1253 1070 1324 defunetus
1096 1265 1183 1325 esset
1214 1257 1284 1325 sine
1313 1257 1437 1326 herede
1470 1263 1505 1324 et
1574 1257 1576 1340 l

357 1365 457 1432 omui
474 1363 686 1452 eognaoiono,
712 1363 905 1432 contulimus
937 1362 1000 1430 Th.
1033 1363 1170 1447 Comiti;
1193 1370 1226 1432 et
1254 1363 1323 1432 fero
1352 1363 1503 1448 iungitur
1574 1391 1576 1462 3

351 1472 463 1539 metis
478 1470 671 1555 Monosterij
688 1469 813 1557 Kenuu,
839 1469 893 1538 vbi
910 1477 961 1538 est
976 1470 1032 1538 uia
1056 1468 1192 1540 tendens
1222 1471 1268 1539 ad
1296 1472 1501 1560 septemtrio
1574 1487 1576 1524 :

366 1597 451 1662 uem,
483 1578 575 1646 iuxta
589 1597 688 1662 quarn
704 1577 793 1645 niam
808 1583 884 1646 sunt
898 1584 1004 1662 mete3
1020 1583 1053 1646 et
1069 1577 1146 1646 inde
1161 1578 1349 1647 extenditur
1364 1580 1407 1648 ad
1423 1599 1501 1667 par·
1574 1599 1576 1670 ς

352 1693 417 1754 tes
432 1685 565 1754 orientis
580 1706 681 1772 usque
696 1684 740 1752 ad
757 1685 858 1752 uliam
874 1687 973 1772 uiam,
999 1704 1062 1771 que
1087 1685 1191 1752 tendit
1216 1686 1261 1753 ad
1291 1689 1499 1773 septemtrio-
1574 1697 1576 1768 ζ

348 1813 456 1880 anem,
472 1794 567 1862 iuxta
582 1813 678 1880 qnam
694 1795 784 1861 uiam
799 1798 876 1861 sunt
892 1798 977 1860 mete
992 1793 1227 1877 longitudinem
1242 1793 1391 1881 prediote
1410 1804 1498 1863 terre
1572 1787 1576 1912 l

368 1903 601 1984 terminantes3
626 1909 659 1970 et
673 1900 750 1968 iudo
764 1900 905 1969 deotitnr
936 1900 980 1967 ad
1010 1902 1168 1969 orientem
1192 1921 1294 1986 usque
1323 1902 1369 1969 ad
1399 1922 1496 1972 aeuus

347 2035 353 2040 ·
366 2009 525 2079 fossatum
541 2007 717 2098 quoddam,
732 2008 825 2076 iuxta
841 2007 929 2094 quod
946 2014 1023 2077 sunt
1037 2015 1122 2076 mete
1137 2011 1282 2078 seriatim
1298 2009 1409 2096 posite
1423 2010 1497 2077 iuti·

348 2117 512 2185 :tudinem
527 2117 747 2202 terminantes,
779 2135 881 2201 nsque
897 2114 1042 2184 adulam
1059 2134 1123 2199 que
1138 2113 1230 2184 dueit
1254 2117 1299 2184 ad
1323 2117 1438 2201 Moris,
1464 2125 1495 2184 ot

345 2227 458 2294 iuxta
473 2224 559 2291 uiam
577 2225 669 2291 illam
685 2221 856 2292 deseendit
870 2223 905 2290 in
921 2223 1077 2309 fanetum,
1092 2229 1126 2290 et
1149 2243 1213 2310 per
1235 2223 1378 2292 leuetum
1404 2223 1497 2292 radit
1571 2209 1576 2270 l

367 2351 426 2419 per
442 2332 583 2399 medium
599 2331 682 2399 silue
696 2351 799 2416 usqne
813 2329 858 2397 ud
882 2329 1051 2398 liorisium
1075 2350 1147 2398 oum
1178 2329 1272 2398 metis
1303 2333 1492 2418 Monasterij
1573 2271 1576 2424 Ι

364 2440 486 2508 Konna.
496 2441 539 2507 Et
553 2439 595 2506 da
610 2439 724 2508 eadem
742 2437 830 2506 diota
846 2448 933 2507 terra
943 2438 1143 2523 Dominions,
1153 2436 1325 2525 Gerardus,
1336 2439 1490 2526 Sobnslo,
1566 2427 1576 2556 J

345 2547 544 2636 -Jobannes,
561 2546 705 2633 Oorlath,
721 2548 818 2614 Peter
834 2553 866 2614 et
881 2546 1012 2631 oognati
1039 2545 1214 2614 eorundem
1241 2555 1442 2632 aoooperuut
1472 2567 1492 2614 a
1570 2557 1576 2686 1

348 2656 426 2726 Ἧι.
444 2655 536 2722 Bono
551 2654 586 2720 in
601 2655 827 2722 ooneambinm
841 2659 926 2721 terro
943 2673 1052 2722 eorum
1078 2660 1215 2738 tantum,
1231 2664 1356 2739 quauta
1378 2674 1490 2722 eornm
1572 2689 1576 2776 p

344 2759 1491 2850 ·luitterra3talioondioione,utqualisnr'nqueoausasuecessutempo
1569 2779 1576 2860 j

362 2873 409 2938 ris
425 2889 522 2958 super
538 2870 654 2937 eadem
665 2877 752 2937 terra
763 2867 905 2957 (eontra)
917 2889 973 2937 eos
984 2874 1174 2956 emergeret,
1186 2869 1291 2937 dietus
1301 2869 1489 2956 'Phnoqua
1572 2861 1576 2952 Ξ

345 2998 460 3064 =quam
477 2979 618 3045 liberare
634 2998 690 3045 eos
706 2984 879 3060 teneretur,
896 2975 955 3044 sed
970 2977 1036 3062 ipsi
1050 2996 1087 3044 se
1111 2977 1298 3044 liberarent
1332 2977 1487 3046 Preterea
1574 2953 1576 3006 Ψ

361 3089 429 3154 iam
445 3085 533 3154 dioto
550 3084 669 3152 Oomiti
686 3085 728 3151 ob
745 3084 894 3170 preclara
918 3083 1064 3169 insignia
1088 3083 1276 3152 meritorum
1301 3103 1360 3153 sex
1386 3105 1487 3153 nanos

345 3227 347 3234 >
361 3192 514 3264 saliforas
531 3212 628 3279 super
643 3191 810 3260 hlorisium
826 3209 925 3277 super
941 3190 1056 3258 eudem
1072 3191 1293 3259 concessimus
1319 3192 1487 3281 libertate;

335 3316 337 3324 ’
362 3323 424 3389 que
439 3321 542 3369 naues
557 3301 726 3385 Egriensis
743 3297 889 3367 lindesie
905 3299 959 3365 vel
975 3297 1162 3366 Bistriensis
1177 3298 1300 3367 habere
1316 3299 1486 3368 dinoscun-
1574 3317 1576 3354 ῑ

360 3419 423 3492 tur,
441 3415 477 3476 ut
490 3405 646 3477 videlieet
662 3412 726 3474 tres
742 3407 815 3474 rius
830 3405 864 3472 in
879 3425 967 3472 anno
992 3405 1117 3472 faciant
1141 3405 1239 3473 eundi
1270 3415 1304 3474 et
1333 3405 1486 3474 redeundi
1574 3439 1576 3454 ·

359 3521 485 3602 absque
500 3513 733 3598 impedimento
751 3515 804 3580 uel
814 3511 1087 3600 eontradiooione,
1099 3532 1157 3597 per
1167 3513 1334 3581 Morisium
1345 3515 1485 3584 habeant

359 3623 557 3707 laenitatem,
574 3623 616 3687 ab
632 3621 720 3687 omni
746 3619 920 3687 exaooiono
947 3621 1138 3687 tributorum
1165 3621 1295 3707 ponitus
1321 3623 1486 3703 absolute;

360 3740 391 3800 et
409 3731 450 3798 de
465 3747 659 3813 quoeunque
675 3728 856 3795 salifodina
871 3728 1032 3795 noluerint
1042 3729 1129 3796 sales
1138 3728 1341 3798 necessarios
1351 3729 1483 3798 ualeant

359 3856 549 3924 comparare
565 3837 673 3923 preeio
690 3840 861 3922 persoluto.

465 3945 680 4011 Attendentes
697 3947 801 4011 eoiam
817 3945 986 4013 fidelitatis
1012 3945 1219 4012 indeciduam
1251 3949 1482 4031 oonstanoium,

359 4073 456 4136 quam
472 4053 567 4119 uobis
583 4059 615 4118 et
631 4051 742 4134 Regno
759 4053 819 4117 Th.
838 4051 953 4122 Comes
973 4053 1198 4120 fauorabiliter
1214 4053 1246 4118 in
1263 4055 1415 4123 omnibus
1435 4075 1483 4122 ex·

356 4159 472 4245 hibuit,
490 4160 609 4226 intiutu
625 4157 694 4226 eius
710 4158 814 4225 fidelis
829 4160 972 4248 seruioij,
997 4180 1035 4227 ao
1051 4162 1199 4244 manium
1216 4161 1388 4229 uulnerum
1413 4183 1483 4231 suo·
1567 4241 1576 4250 „

357 4289 438 4351 rum,
455 4288 518 4350 que
534 4287 592 4352 pro
609 4266 702 4334 nobis
720 4269 753 4332 in
771 4267 890 4334 Rusoia
905 4289 1025 4354 passus
1044 4277 1102 4353 est,
1128 4269 1162 4333 in
1188 4269 1481 4338 remuneracionem
1575 4305 1576 4326 2

354 4375 504 4442 laborum
521 4394 652 4443 suorum
669 4374 756 4442 dioto
773 4375 832 4440 Th.
850 4374 967 4442 Gomiti
984 4384 1017 4444 et
1034 4377 1207 4444 heredibus
1224 4379 1294 4444 suis
1309 4379 1381 4446 iure
1412 4399 1480 4464 per·
1574 4393 1576 4450 2

349 4491 451 4566 petuo
467 4484 663 4551 ooutulimus
680 4482 845 4565 quandam
861 4490 979 4553 terram
991 4492 1024 4551 et
1033 4485 1195 4570 piscinam
1205 4484 1337 4553 nomine
1349 4485 1477 4553 Sowala
1574 4467 1576 4518 ³

340 4589 397 4654 ..ad
415 4586 609 4659 Comitatum
626 4590 862 4675 Volooyensem
879 4593 1105 4680 pertinentem,
1131 4595 1225 4661 oertis
1243 4593 1337 4661 motis
1369 4615 1389 4660 a
1421 4596 1476 4660 eir·
1573 4623 1576 4686 4
