3182 5200
636 969 688 1038 to.

31 1140 42 1151 „
107 1173 230 1260 Reputo
246 1175 341 1239 odron
356 1170 530 1239 be'kekritise
547 1194 568 1236 o
584 1168 718 1237 Komies
734 1135 959 1257 nemzotse'qpei.
987 1171 1083 1241 1199.
1111 1171 1216 1237 boniti.

34 1433 36 1437 ,
199 1373 296 1438 Anno
323 1369 457 1438 Domini
482 1368 656 1437 millesimo
688 1367 864 1437 oentesimo
889 1366 1098 1454 nonagesimo
1115 1405 1158 1419 --
1174 1405 1218 1418 -

34 1536 36 1542 ,
107 1514 140 1525 -
161 1499 271 1546 —nos
304 1477 438 1545 Cariobi
454 1499 526 1546 oum
556 1478 716 1563 Ragnseis
747 1478 887 1545 facimus
902 1496 1017 1564 paoem
1033 1477 1093 1544 sub
1110 1497 1218 1544 saera·

103 1595 198 1656 mento
215 1596 247 1654 et
263 1587 325 1654 sub
343 1587 403 1653 tali
429 1585 634 1654 conditione:
660 1586 705 1653 Ut
720 1585 785 1671 ipsi
801 1584 944 1672 Rugusei
964 1619 1004 1635 ·-
1020 1623 1064 1637 —
1082 1616 1122 1630 -
1144 1623 1180 1633 —
1200 1606 1222 1653 a

34 1702 47 1776 ᾗ
104 1697 241 1765 Caziohis
257 1698 333 1764 sani
351 1715 369 1762 e
386 1696 470 1762 salvi
486 1695 553 1763 sint
569 1715 640 1762 oum
664 1694 822 1780 omnibns,
840 1712 956 1779 neque,
972 1694 998 1761 si
1016 1694 1050 1760 in
1066 1713 1216 1778 quonum·

33 1888 34 1892 Ἰ
102 1825 156 1892 que
170 1805 240 1872 iooo
257 1803 492 1886 invenirentur,
510 1802 649 1872 debeant
660 1804 702 1870 ab
713 1802 795 1888 ipsis
806 1802 980 1871 molestari.
999 1803 1085 1871 Etsi
1101 1802 1221 1888 aliquis

34 1956 35 1983 ;
102 1915 139 1982 de
154 1912 300 1980 Curionis
334 1929 392 1996 per
408 1910 534 1978 fortiam
553 1909 685 1996 aliquod
716 1912 878 1996 Ruguseis
894 1911 1014 1994 tulerit,
1046 1931 1215 1998 personam

34 2028 40 2048 ⁷
102 2022 197 2107 ipsius
226 2019 391 2087 tribuatur
420 2019 592 2104 Ragnseis.
609 2019 645 2085 Si
662 2039 738 2086 vero
769 2020 886 2106 aliquis
902 2040 1015 2088 servus
1030 2020 1157 2105 fugeret
1173 2020 1214 2087 de

98 2132 237 2217 Ragusio
253 2128 300 2195 ad
317 2149 388 2213 nos,
406 2135 438 2194 et
448 2124 680 2195 dominaretur
697 2129 859 2213 querendo
875 2128 1102 2216 supervenerit,
1121 2148 1142 2194 a
1158 2147 1214 2195 no-

32 2261 39 2309 ,ὁ
96 2242 140 2309 bis
160 2238 317 2326 optimam
336 2242 368 2303 et
384 2236 515 2322 pienum
531 2234 652 2305 babeat
669 2238 837 2308 iustitiam.
855 2238 896 2307 Et
912 2242 941 2307 si
955 2256 1058 2306 naves
1075 2236 1116 2306 de
1131 2237 1215 2325 Apu·

33 2392 35 2407 1
97 2350 138 2416 iia
154 2349 336 2434 Rugusium
352 2345 498 2413 venerint
514 2367 535 2413 a
550 2346 694 2413 Maionto
710 2346 870 2430 usquead
887 2347 1049 2434 Vrutenio,
1067 2348 1159 2416 salve
1175 2349 1209 2414 ii·v

98 2465 156 2525 ant
166 2455 465 2525 Heosuntnomina
475 2452 696 2543 Gaziohorum,
714 2456 769 2541 qui
785 2457 917 2525 iuratis:
933 2455 1082 2543 Jupanns
1098 2455 1214 2540 Brona,

32 2584 43 2652 j
98 2566 147 2634 iiiii
161 2567 312 2656 Niooiay,
329 2563 496 2633 Borislaus
529 2564 640 2635 Simon
656 2573 689 2637 et
705 2565 888 2653 Boudauus,
905 2566 1017 2633 Petrus
1033 2563 1213 2652 Veloinnio,

31 2726 46 2777 5„
96 2674 312 2762 Tverdeunus,
328 2679 503 2768 Velouona,
535 2680 697 2768 Sebenna,
711 2681 832 2748 Veloos
849 2677 1048 2762 Deobianoa,
1065 2682 1098 2744 et
1112 2674 1214 2741 irater

95 2784 156 2852 eius
169 2783 317 2876 Dragan,
335 2787 391 2855 fiiii
407 2789 580 2876 Grobinnu,
603 2790 811 2859 Dossislarus
838 2783 983 2872 Reddos,
1002 2793 1034 2854 et
1049 2784 1164 2852 Sintes
1180 2787 1214 2848 et

32 2878 36 2968 f
95 2890 238 2963 Gurreob.

34 2992 35 2995 ¹
188 3004 230 3073 itt
240 3025 283 3072 ox
296 3012 390 3093 parte
400 3008 534 3093 Ragusii
546 3027 660 3095 paoem
670 3010 755 3077 bano
766 3003 969 3093 firmandam,
985 3001 1088 3090 primo
1098 3001 1213 3069 Comes

7 3161 9 3175 ,
92 3108 202 3179 iurarit
217 3114 408 3201 Serranus,
435 3117 527 3184 salvo
539 3118 720 3186 iuramento
736 3116 859 3183 domini
875 3115 936 3196 sui,
953 3111 1078 3182 Siabba
1093 3107 1211 3175 Luoari

7 3211 9 3230 '
92 3215 419 3308 tudex,·1›ersimims
435 3223 551 3310 Judex,
582 3228 726 3293 Lucanus
742 3223 894 3310 Nicolay,
919 3220 1027 3289 Dobro
1052 3216 1208 3302 superte,

7 3337 9 3428 ζ
91 3322 175 3394 vitus
202 3330 379 3416 Lampredi
401 3368 436 3381 -·
456 3370 500 3382 —
516 3365 560 3377 -
577 3365 621 3378 -
639 3333 772 3420 Sergius
802 3330 980 3415 Biadimiri,
1011 3329 1131 3395 Petrus
1145 3324 1208 3390 Bu·

7 3439 8 3450 ’
92 3431 201 3525 banne,
219 3437 362 3507 Savinos
380 3476 422 3490 -
441 3482 480 3492 -
504 3477 539 3488 -
560 3481 598 3495 -
619 3441 730 3509 Simon
753 3442 921 3530 Stephani,
958 3437 1101 3510 Dnesius
1116 3433 1209 3503 Lam·

92 3541 209 3623 pridius
226 3546 422 3616 Dabranize.
1193 3580 1195 3583 ·

8 3736 11 3745 ν
170 3652 266 3719 Anno
277 3655 409 3722 Domini
419 3663 594 3728 centesimo
605 3660 816 3746 nonagesimo
829 3695 869 3708 -
882 3694 925 3707 -
938 3656 1058 3726 mensis
1068 3655 1211 3724 Februa·

12 3828 16 3836 ,
89 3756 188 3845 rii,dio
198 3760 313 3829 Sanoti
325 3764 624 3836 BlasiiGorvasius
634 3770 748 3837 Comes
759 3769 848 3835 facta
860 3766 955 3835 Curia
966 3788 1037 3834 num
1050 3782 1212 3848 campana

7 3923 20 3935 „
91 3903 123 3915 —
145 3904 180 3916 -
203 3903 245 3912 -
266 3906 305 3916 -
323 3872 490 3941 Nobilium
508 3882 541 3941 et
556 3876 756 3964 Saniorum,
773 3887 832 3946 etc.
849 3877 1009 3963 statuitur,
1037 3875 1123 3961 quod
1140 3875 1208 3960 qui-

87 3969 161 4041 libet
177 3985 353 4046 extraneus
369 3982 472 4066 possit
487 3984 597 4053 venire
613 3987 791 4070 Ragusium
808 4008 866 4074 por
881 3991 948 4052 tros
964 3984 1034 4052 dies
1053 3990 1130 4051 ante
1146 3982 1210 4052 ies·

89 4088 196 4150 tumet
213 4087 262 4153 ibi
287 4089 404 4155 morari
430 4111 488 4176 per
513 4094 597 4160 aiios
628 4101 693 4163 tres
725 4095 794 4162 dies
826 4093 1011 4165 immediate
1042 4106 1115 4183 post
1145 4094 1207 4162 ies-

87 4194 158 4279 tum,
175 4214 310 4264 securus
326 4198 369 4264 ab
385 4200 471 4267 omni
505 4203 656 4270 molestia
672 4211 704 4273 et
719 4205 850 4291 lesione,
882 4208 1009 4276 etiamsi
1036 4207 1119 4274 soret
1136 4203 1203 4271 oui·

89 4316 221 4383 cumque
253 4303 389 4374 debitor.
406 4307 500 4385 Quod
516 4329 704 4395 pormanus
730 4315 856 4381 diaconi
884 4316 1004 4383 Marini
1034 4316 1205 4400 Donamus,
1279 4398 1282 4401 ,
1349 4396 1355 4406 ἱ
1395 4295 1397 4297 ’

7 4442 10 4448 =
86 4403 235 4477 Comanis
250 4411 386 4499 Notarii,
401 4415 556 4503 scriptum
574 4426 623 4487 est
633 4419 696 4490 hoo
711 4422 900 4510 capitulare.

187 4557 321 4624 (Ljubios,
340 4561 464 4616 litonum.
483 4569 568 4630 spect.
590 4568 657 4619 hist.
676 4569 749 4625 Slav.
771 4573 869 4628 Merid.
889 4579 912 4629 Ι.
926 4577 985 4629 bot.
1007 4581 1048 4630 14.
1068 4580 1098 4648 1.)

507 4767 775 4783 ..m
