3160 5208
570 320 729 418 Q—

112 520 185 584 nine
200 513 374 582 faceremus
388 515 553 600 roborari3
570 512 658 597 quod
673 518 705 577 et
721 509 866 578 fecimus.
883 508 979 576 Anno
996 507 1210 577 Uerbilncar·

22 635 24 676 ἓ
111 623 168 688 neti
182 620 414 690 M⁰CC⁰XX⁰V.
435 623 546 690 datum
563 639 755 708 permanes
765 616 913 702 Magistri
923 615 1091 684 Benedicti
1102 618 1213 685 Lecto-

110 733 147 798 ris
160 730 394 815 Strigoniensis.

22 931 24 986 ξ
110 929 234 990 (Eredetie
250 927 436 994 borhtrtyttn,
455 928 576 993 melyrttl
597 943 614 978 a
639 924 789 991 pecsetnek
817 924 951 976 teredeke
977 921 1213 988 hdrtysnsinsgen

321 1021 409 1087 fingg3
427 1033 445 1069 a
463 1018 550 1071 budai
568 1016 623 1068 kin.
643 1015 771 1068 kamarai
790 1014 986 1078 levelttrban.)

520 1305 788 1320 num-—

623 1844 696 1913 128.

105 2043 249 2130 Bizouyos
265 2044 436 2130 ipclysdpi
451 2043 597 2110 dirtoiera
612 2043 784 2110 uonatkoad
806 2065 863 2130 per
888 2068 909 2109 a
943 2041 1067 2110 Geram
1098 2045 1220 2113 meliettc'

157 2166 234 2218 sasso
248 2152 399 2218 deacdeki
413 2157 553 2238 apdtsdp
570 2178 586 2219 s
602 2153 700 2239 Peter,
718 2150 969 2250 Gydrpyaekfia
983 2154 1062 2218 tear.
1079 2153 1174 2221 1225.

199 2348 403 2417 Laurentius
418 2351 530 2417 Abbas
545 2349 657 2417 Sancti
675 2346 845 2414 Benedicti
869 2346 1008 2416 Abbatis
1032 2349 1221 2417 Monasterii

105 2454 139 2520 dc
152 2454 257 2524 (ieron
275 2479 430 2525 unacum
449 2455 606 2525 iratribus
623 2457 701 2540 suis,
719 2463 886 2541 presentes
903 2455 1031 2523 litteras
1058 2458 1220 2542 inspectu-

108 2562 146 2629 ris
160 2564 298 2632 salutern
318 2565 351 2630 in
369 2566 516 2632 Domino.
557 2564 719 2642 Quoniam
735 2566 769 2630 in
785 2561 897 2629 mundi
913 2563 1010 2630 rebus
1027 2565 1220 2650 quandoque

106 2669 179 2736 solet
194 2671 270 2738 oriri
288 2675 522 2756 controuersia,
539 2674 678 2757 negocia
696 2668 915 2757 preuenienda
930 2670 1133 2757 prouidenda
1148 2678 1223 2740 sunt

110 2778 237 2844 cantela.
265 2777 347 2846 inde
364 2786 422 2866 est,
439 2780 523 2865 quod
540 2787 650 2848 notum
669 2779 736 2847 fieri
755 2780 904 2847 volumus
919 2785 987 2844 tam
1008 2781 1221 2866 presentibus,

106 2905 191 2968 quam
207 2895 327 2974 postca
343 2888 435 2955 nobis
453 2889 665 2971 successuris,
684 2908 781 2972 quum
798 2886 931 2970 quidam
949 2889 1076 2955 iuuenis
1092 2887 1221 2954 nomine

107 2989 210 3060 Petrus
228 2994 366 3080 Georgij
383 2995 469 3062 tilius
484 3003 605 3064 terram
622 2997 655 3062 X
673 3002 853 3062 aratrorum
868 2997 902 3061 in
929 2994 1010 3062 uilia
1034 2993 1135 3082 Sagh,
1159 3017 1222 3080 quc

106 3100 241 3182 predicto
259 3103 384 3189 pendet
399 3102 609 3192 Mouasterio,
625 3103 700 3169 dum
719 3103 886 3187 acquirere
897 3108 929 3169 et
940 3101 1003 3168 sibi
1013 3103 1177 3169 attrahere
1188 3123 1223 3170 se

107 3209 255 3276 exaltaret
270 3229 279 3291 3
303 3211 485 3294 terminum,
503 3219 537 3277 ut
553 3218 630 3277 ante
646 3212 846 3296 presenciam
864 3209 1006 3276 Palatini
1031 3209 1112 3277 Julk
1138 3229 1222 3276 oom-

107 3324 248 3395 parcrent
268 3317 346 3384 nille
361 3317 586 3403 iobagionibus
603 3320 767 3403 imposuit.
790 3318 855 3386 Sed
872 3319 949 3402 quia
964 3317 1041 3385 fieta
1056 3339 1107 3385 res
1123 3338 1224 3402 quan·

22 3429 23 3432 ’
108 3421 204 3506 doque
220 3447 280 3513 per
296 3427 471 3494 scienciam
486 3448 599 3494 ueram
615 3429 696 3493 solet
713 3425 933 3512 deprehendi,
956 3428 1026 3511 Ego
1051 3426 1164 3494 Abbas
1190 3427 1225 3495 L.

22 3615 24 3622 y
107 3529 160 3598 hoc
175 3535 255 3600 mihi
273 3534 420 3601 reuelato
436 3535 479 3600 ad
495 3533 634 3601 iudicem
654 3535 700 3600 ire
726 3553 916 3620 properans,
940 3533 1008 3600 illic
1032 3533 1145 3600 Petrus
1170 3533 1226 3600 ad·

22 3633 24 3716 ξ
108 3657 226 3708 nemum
243 3643 401 3728 poputum
420 3663 525 3710 meum
541 3649 574 3708 ct
588 3661 638 3708 me
654 3642 753 3726 litigii
780 3661 878 3711 uoces
908 3643 1097 3727 commonit;
1123 3643 1171 3710 sio
1196 3650 1228 3709 et

109 3765 162 3812 nos
177 3749 337 3817 aduersus
355 3769 428 3816 eum
446 3750 678 3836 respondentes
692 3773 699 3833 ;
716 3749 847 3815 tandem
865 3770 886 3814 a
901 3748 1019 3818 iudicis
1030 3748 1228 3818 discussione

22 3861 24 3946 J
107 3853 177 3920 talis
194 3856 310 3924 efuisit
326 3857 513 3944 sentencia,
537 3859 724 3926 videlieet:
756 3857 827 3942 Ego
859 3860 970 3925 Abbes
1001 3857 1036 3924 L.
1067 3864 1100 3925 ct
1131 3857 1229 3925 frater

22 3971 24 4052 ξ
108 3980 192 4028 meus
208 3965 369 4049 presbiter
385 3967 508 4051 Petrus,
526 3987 666 4036 necnon
694 3966 834 4033 Curiaiis
861 3964 974 4034 Comes
1005 3981 1096 4033 meus
1127 3966 1161 4031 P.
1194 3967 1228 4030 in

22 4063 24 4078 ¹
110 4067 227 4154 Scyget
243 4074 278 4138 in
295 4072 417 4159 templo
435 4075 546 4141 Sancti
578 4075 718 4160 Nicoiey
748 4075 954 4156 confessoris,
988 4074 1016 4140 si
1043 4073 1229 4157 iuraremus,

22 4169 24 4206 ÷
108 4181 219 4246 terram
237 4179 284 4249 sio
301 4181 539 4268 possideremus
557 4183 719 4251 mediante
736 4182 894 4268 pristaldo
910 4181 1034 4248 Nemel.
1059 4179 1157 4259 Quod
1170 4201 1230 4247 nos

22 4337 24 4364 ,
108 4295 234 4371 propter
252 4295 395 4355 nostrum
411 4289 462 4355 ins
480 4289 635 4368 fecimus3
651 4291 727 4374 quia
744 4291 777 4355 in
794 4289 879 4356 dicto
896 4288 968 4355 loco
984 4305 1092 4356 coram
1103 4286 1231 4354 Abbate

22 4421 24 4426 ·
109 4389 188 4460 Joan
206 4403 239 4462 et
254 4397 406 4466 uniuerso
422 4396 571 4484 Capitate
589 4397 762 4466 iuramenti
778 4415 873 4465 uoces
891 4397 1064 4468 emisimus.
1089 4397 1131 4462 Et
1146 4401 1181 4462 ut
1197 4395 1231 4460 in

22 4497 24 4584 ξ
110 4517 255 4582 processu
269 4504 423 4589 temporis
440 4507 562 4574 nullius
578 4491 762 4593 posteritas,
779 4513 835 4572 aut
852 4504 951 4591 Petri,
967 4505 1073 4592 possit
1094 4525 1230 4570 commo·
1253 4528 1260 4540 ¹

110 4623 261 4677 cererem
278 4613 374 4702 hanc,
390 4620 577 4699 quartarum
594 4615 779 4683 testimonio
795 4615 1079 4700 confirmauimus3
1097 4633 1230 4700 quarum
