3184 5186
127 1177 148 1240 I
155 1175 189 1241 V.
204 1175 338 1242 Sdador
349 1182 443 1263 pdpo
461 1145 685 1246 Columbaauat
704 1177 805 1242 trau-i
812 1179 975 1264 pdspdlc'dt
983 1177 1256 1266 felbatalmozza,

264 1287 371 1372 mikep
389 1311 410 1351 a
426 1284 576 1352 sibeniccc'
587 1287 778 1374 papsdqpul
794 1286 1002 1373 irrrtzkedjelr.
1027 1289 1123 1355 1260.

237 1477 424 1550 Alexander
439 1482 620 1567 Episcopus
646 1498 759 1548 servus
792 1501 955 1549 seruorum
985 1481 1047 1550 Dei
1078 1485 1257 1552 venerabili

71 1597 74 1604 '
113 1593 220 1658 ,fratri
238 1641 245 1658 .
261 1642 269 1658 .
285 1640 292 1655 .
309 1594 471 1678 Episcopo
487 1591 699 1673 Traguricnsi
715 1590 852 1658 salutern
870 1599 902 1657 et
917 1593 1136 1678 Apostolicam
1162 1597 1255 1660 bene-

15 1705 17 1790 ᾗ
127 1698 313 1766 dictionem.
340 1698 499 1784 Exposuit
514 1698 607 1765 nobis
639 1705 695 1764 tua
725 1697 923 1783 fraternitas,
956 1698 1042 1783 quod
1075 1700 1183 1767 clerici
1215 1701 1255 1768 de

128 1808 243 1876 Castro
260 1808 411 1875 Siberine
427 1814 481 1873 tue
496 1806 645 1874 Diocesis
661 1806 729 1872 lata
745 1807 778 1872 in
795 1827 850 1873 eos
867 1827 887 1872 a
904 1808 987 1874 bone
1003 1811 1156 1875 memorie
1181 1809 1255 1895 Epi-

127 1936 228 2001 scopo
245 1915 456 1999 Traguriensi
474 1915 704 2000 predecessore
719 1923 775 1982 tuo
792 1935 852 2000 pro
868 1916 1033 2003 denegata
1047 1917 1112 1984 sibi
1121 1919 1163 1984 ab
1174 1918 1255 2004 ipsis

15 2109 16 2114 ἵ
127 2022 326 2111 obedientia,
344 2022 686 2091 excommunicationis
703 2025 866 2090 sententia
882 2022 948 2089 sint
964 2023 1076 2108 ligati3
1101 2025 1255 2110 idemque

126 2131 341 2216 predecessor
357 2133 523 2199 observari
540 2131 676 2198 eandem
691 2132 889 2198 sententiam
916 2150 1019 2214 usque
1052 2131 1095 2198 ad
1127 2133 1225 2224 satist
1243 2173 1255 2185 -

128 2239 268 2306 ctionem
288 2240 485 2324 condignam
503 2237 642 2305 obtinuit
666 2257 687 2302 a
718 2237 801 2304 Sede
832 2239 1018 2324 Apostolica
1049 2239 1255 2324 demandam

15 2365 16 2402 f
126 2367 264 2430 quorum
283 2347 622 2430 clericorumquidam
656 2351 867 2431 susceperunt
897 2346 1038 2434 ordines,
1071 2354 1103 2414 et
1132 2350 1255 2417 Divina

15 2539 16 2546 ἵ
126 2456 295 2521 celebrant
311 2454 418 2521 officia
434 2455 481 2522 sic
498 2454 601 2541 ligati,
619 2473 720 2537 quare
745 2474 843 2538 super
875 2454 916 2520 iis
949 2474 1060 2522 eorum
1092 2456 1254 2542 provideri

126 2563 228 2628 saluti
245 2563 409 2628 humiliter
434 2562 617 2646 postulasti.
656 2563 706 2628 De
737 2567 794 2628 tua
824 2563 935 2647 itaque
966 2563 1256 2664 circumspectione

127 2670 258 2755 plenem
275 2671 308 2736 in
325 2669 463 2738 Domino
480 2670 631 2736 fiduciam
648 2671 841 2752 obtinentes,
858 2670 1057 2754 presentiam
1073 2672 1132 2738 tibi
1147 2679 1255 2740 auoto-

15 2793 17 2816 ³
127 2781 225 2846 ritate
241 2778 462 2864 concedimus,
489 2783 522 2843 ut
539 2778 671 2844 eosdem
689 2776 983 2845 excommunicatos
1007 2779 1161 2846 absolvas
1192 2781 1255 2847 bae

15 2915 16 2960 1
125 2889 196 2953 vice
213 2885 440 2954 abhuiusmodi
459 2885 797 2952 excommunicationis
813 2887 985 2972 sententia,
1011 2886 1103 2952 iuxta
1119 2885 1252 2954 formam

126 2994 278 3062 Ecclesie
293 2996 362 3062 vice
378 3000 505 3076 ncstra;
521 2993 691 3077 iniungens
709 2995 755 3060 eis
771 2993 856 3078 quod
874 2993 915 3059 de
930 2995 999 3060 iure
1015 2996 1076 3061 erit
1087 2995 1253 3079 iniungen-

126 3103 217 3168 dum.
243 3105 322 3170 (lum
338 3102 405 3168 illis
422 3107 530 3168 autern
547 3121 587 3168 ex
603 3100 662 3189 eis,
687 3102 743 3183 qui
753 3100 839 3185 juris
855 3101 962 3185 ignari
980 3108 1036 3168 aut
1050 3103 1255 3172 immemores

125 3210 214 3297 facti,
232 3210 449 3278 absolutionis
465 3209 619 3277 beneficio
637 3230 700 3276 non
718 3210 847 3276 obtento
879 3215 1090 3295 susceperunt
1113 3211 1253 3299 ordines,

15 3377 16 3382 ,
125 3319 249 3386 Divina
264 3317 371 3386 officia
387 3319 604 3404 celebrarunt,
636 3318 779 3385 iniuncta
796 3319 844 3385 eis
860 3339 919 3404 pro
935 3317 1031 3410 modo
1047 3321 1139 3404 culpe
1163 3323 1254 3404 peni·

15 3455 16 3460 κ
126 3427 232 3494 tentia
249 3427 452 3514 competenti,
469 3447 572 3510 caque
588 3433 732 3513 peracta,
760 3427 858 3494 liceat
874 3425 933 3493 tibi
950 3426 989 3495 de
1021 3427 1253 3515 misericordia,

15 3565 16 3568 ¹
128 3557 190 3620 quc
208 3537 433 3620 superexaltat
445 3536 580 3622 judicio,
598 3540 694 3622 prout
711 3555 820 3602 eorum
837 3536 935 3603 saluti
952 3537 1073 3605 videris
1090 3535 1254 3626 expedire,

128 3643 329 3730 dispensare.
353 3643 388 3709 Si
407 3665 481 3710 vero
497 3643 893 3729 prefatiexcommunicati
905 3645 1053 3731 scienter,
1071 3652 1254 3714 nontamen

15 3771 17 3776 ’
127 3755 159 3818 in
177 3759 395 3837 contemptum
413 3752 553 3818 clavium
568 3751 647 3818 talia
663 3751 928 3837 presumpserint,
946 3753 992 3818 eis
1007 3772 1067 3837 per
1091 3752 1256 3821 biennium

128 3862 168 3927 ab
186 3859 334 3927 ordinum
352 3860 542 3927 executione
559 3861 738 3946 suspensis,
765 3865 797 3924 ct
812 3859 963 3944 imposita
978 3861 1058 3943 ipsis
1075 3861 1254 3945 penitentia

127 3968 272 4058 salutari,
289 3989 344 4036 eos
360 3967 577 4056 postmodum,
593 3969 620 4035 si
636 3967 755 4034 fuerint
765 3967 849 4033 bone
859 3968 1115 4036 conversationis
1132 3969 1255 4055 etrite,

128 4079 170 4145 ad
188 4078 329 4163 gratiam
345 4076 598 4162 dispensationis
613 4076 777 4145 admittas.
809 4074 929 4140 Datum
945 4077 1095 4161 Anagnis
1111 4076 1182 4143 VII.
1200 4077 1256 4142 lra-

128 4186 246 4253 lendas
262 4186 395 4272 Aprilis,
411 4185 622 4252 Pontificatus
639 4185 742 4252 nostri
759 4203 845 4250 anno
862 4189 962 4251 sexto.

339 4383 469 4446 (llarlsti,
488 4383 634 4446 Illyricum
654 4381 770 4433 Sacrum
789 4381 836 4432 IV.
857 4381 917 4431 lude.
938 4384 1000 4432 346.
1019 4380 1049 4440 l.)

561 4649 827 4662 ffl
