3116 5186
872 1012 947 1081 212.

344 1214 393 1278 Aa
408 1215 478 1298 eqre'
493 1211 653 1301 kdptulan
669 1212 810 1278 Preburt
827 1237 927 1280 eomer
950 1215 1080 1298 nejinek
1110 1213 1333 1300 vtqrendetere'r
1365 1219 1471 1283 hitales

688 1319 828 1388 alathen
842 1323 998 1406 kieltuja.
1025 1323 1122 1388 1238.

273 1533 277 1544 “
343 1519 380 1580 (Α
408 1518 474 1584 gres
503 1518 591 1582 Ziehy
623 1517 716 1572 esaltd
747 1518 939 1583 Okmrtnytara
969 1519 991 1572 L
1024 1519 1110 1568 keten.
1142 1520 1215 1582 Part,
1247 1524 1325 1572 1871.
1358 1525 1384 1570 2.
1416 1519 1469 1582 lap.

710 1610 790 1674 Nagy
810 1611 884 1660 Imre
910 1608 1109 1673 kitzlemenye.)

773 1895 1040 1906 ιι-ι--ι-οι--ιοα-

872 2434 947 2503 213.

341 2637 450 2703 Endrr
461 2639 620 2724 pueronyi
628 2635 837 2725 filinpninuulr
853 2635 915 2698 IV.
933 2635 1016 2699 Buta
1032 2635 1203 2719 kirdlyhoz
1220 2636 1345 2698 intizelt
1373 2635 1467 2719 jelen·

578 2747 643 2808 tere.
657 2745 756 2810 Sanni
771 2743 896 2808 birtoku
912 2743 1105 2828 ta'ryyrtban.
1133 2742 1229 2808 1238.

448 2941 640 3008 Reuerendo
656 2938 785 3006 domino
802 2959 860 3006 suo
889 2939 926 3004 B.
954 2938 1015 3008 Dei
1048 2939 1159 3022 grania
1189 2937 1272 3024 Regi
1303 2938 1469 3023 Hungnrie
1557 3008 1558 3011 ,

339 3049 461 3117 illustri
477 3051 515 3116 A.
532 3051 645 3118 (lomes
660 3047 870 3115 Poeoniensie
891 3085 928 3095 -
952 3083 985 3093 --
1012 3085 1048 3094 —-
1078 3054 1110 3112 et
1140 3046 1285 3114 debitam
1318 3065 1467 3114 reueren-

340 3158 434 3228 eiam.
461 3158 641 3224 Mandastie
657 3155 746 3242 mihi,
763 3155 849 3240 qued
864 3154 1083 3241 significarem
1100 3157 1202 3240 vobis,
1220 3175 1284 3238 que
1302 3161 1334 3220 et
1345 3161 1467 3238 quanta

338 3273 424 3331 esset
439 3273 528 3332 terra
544 3255 646 3350 Sauli,
664 3285 726 3347 que
743 3264 805 3329 sibi
824 3271 856 3328 et
881 3264 948 3329 suis
980 3263 1137 3331 fratribus
1168 3263 1343 3330 seeundum
1372 3262 1463 3346 justi·

338 3375 422 3438 eiam
440 3379 633 3440 remaneret.
657 3371 811 3455 Siguifiee
828 3370 928 3452 igilur
959 3370 1186 3438 Dominaeieni
1212 3368 1344 3457 Vestro,
1379 3368 1462 3454 quod

337 3489 422 3548 terra
438 3482 515 3546 dieti
533 3482 564 3549 S.
583 3486 614 3546 et
632 3479 765 3546 fratrum
782 3478 851 3546 eine
868 3479 984 3563 incipit
1000 3500 1020 3544 a
1036 3478 1194 3563 superiori
1211 3483 1304 3564 parte
1319 3501 1340 3543 a
1351 3477 1461 3544 Danu·

227 3607 230 3612 ·
335 3589 399 3672 bio,
418 3589 472 3671 qui
488 3589 576 3671 wigo
592 3595 726 3654 vocatur
742 3585 979 3671 Koroueduna3
1003 3595 1035 3651 et
1061 3587 1179 3652 ibidem
1211 3607 1314 3671 prope
1346 3585 1464 3652 diuidi·

334 3703 387 3762 tur
402 3695 575 3762 Danubius
592 3697 626 3760 in
652 3695 733 3762 duas
764 3702 885 3781 partes,
919 3715 1057 3779 quarum
1089 3715 1165 3780 pars
1198 3715 1262 3761 vna
1294 3694 1463 3761 deseendit

333 3802 582 3869 iuxtninsulam
599 3803 773 3891 quandam,
801 3803 946 3871 eeeunda
977 3822 1055 3870 uero
1086 3824 1162 3889 pars
1192 3803 1285 3868 illins
1317 3801 1461 3884 Danubii

333 3912 406 3978 fluit
421 3932 478 3997 per
493 3917 613 3978 terram
629 3911 722 3978 Sauli
740 3919 772 3978 et
787 3913 925 3979 fratrum
942 3933 1081 3996 suorum,
1108 3911 1162 3996 qui
1195 3911 1321 3979 seilicet
1353 3911 1460 3980 Danu·

333 4019 718 4086 biusvoeaturChilztw.
745 4020 829 4088 Mete
855 4042 933 4088 uero
966 4021 1126 4106 incipiunt
1157 4021 1250 4086 iuxta
1284 4019 1463 4107 predietum
1556 4033 1557 4038 ’

334 4127 520 4192 Danubium
537 4126 773 4212 Keroueduna5
799 4128 855 4194 sed
873 4149 915 4194 ex
946 4135 1039 4213 parte
1070 4131 1285 4194 castrensium
1319 4137 1369 4195 est
1399 4149 1461 4194 rna

334 4236 471 4316 entique
487 4242 583 4321 meta,
618 4257 657 4301 eu
674 4243 767 4321 parte
784 4257 861 4303 uero
879 4237 912 4302 S.
929 4243 1003 4302 snut
1019 4238 1082 4304 due
1099 4245 1184 4302 mete
1202 4255 1294 4324 noue,
1327 4256 1461 4320 quarum

333 4363 397 4408 vna
415 4352 465 4410 eet
482 4346 584 4430 Sauli,
602 4348 709 4413 altera
725 4367 803 4413 uero
821 4347 1033 4413 castrensium
1051 4347 1090 4414 de
1107 4349 1186 4415 uilla
1202 4349 1337 4432 Mager3
1364 4355 1396 4412 et
1413 4347 1457 4411 itu

331 4452 504 4518 aliametrt
530 4459 594 4518 tam
628 4454 843 4521 castrensium
875 4473 972 4538 quam
1005 4455 1096 4522 Sauli
1124 4455 1314 4542 vdiriguntur
1347 4475 1457 4522 uersus

330 4561 500 4627 eeclesiam
520 4561 768 4649 Saraouene,
803 4565 850 4630 ita
884 4564 969 4646 qued
1001 4584 1042 4630 ex
1073 4563 1217 4631 inferiori
1251 4569 1345 4648 parte
1377 4563 1460 4629 inire
1553 4583 1557 4589 ·

338 4670 512 4740 eeclesiam
530 4676 681 4736 almetas
699 4675 749 4735 est
764 4677 855 4737 terra
872 4671 914 4736 ad
944 4672 1177 4756 longitudinem
1212 4672 1305 4738 rniuu
1339 4673 1465 4756 ingeris,
