3184 5186
827 399 987 515 *aa

344 609 683 700 quatuoriobagioues
694 609 856 680 Castriad
867 607 1041 680 iurandum
1057 609 1153 680 electi
1171 632 1237 680 non
1256 607 1329 680 ausi
1347 605 1481 680 inerunt

344 720 528 808 iurare,sed
538 720 609 807 ipse
618 718 946 806 Andreascomes,ae
954 717 1004 786 illi
1014 725 1152 804 quatuor
1161 719 1351 804 iobagiones
1362 719 1484 790 casei,

346 837 378 898 et
397 828 541 898 universi
564 828 756 915 iobagioues
782 827 889 895 Castti
913 827 1150 915 prememorati,
1166 826 1266 912 quiin
1276 826 1350 895 loco
1367 847 1482 896 sacra-

344 936 445 1004 menti
455 935 596 1023 fuerant,
606 938 695 1004 illam
706 933 902 1024 particulam
912 941 998 1004 terre
1010 955 1070 1021 per
1080 955 1135 1004 eos
1152 935 1388 1002 reambulatam
1403 935 1482 1003 reli·

346 1051 484 1130 querunt
496 1050 528 1112 et
537 1044 754 1129 permiserunt
763 1041 795 1109 iu
807 1050 920 1110 nostra
940 1043 1112 1130 presencia
1134 1040 1278 1111 Vratizlo
1296 1048 1330 1109 et
1347 1043 1484 1124 Notata,

344 1152 421 1222 titiis
434 1153 526 1240 Jeoo,
537 1150 667 1220 nomine
678 1157 763 1219 terre
772 1149 969 1219 hereditarie
979 1170 1090 1218 eorum
1099 1148 1135 1216 in
1146 1157 1301 1236 perpetuo
1311 1149 1484 1236 possiden·

351 1259 437 1326 dam.
471 1259 558 1338 Quia
582 1253 687 1345 (vero)
704 1257 854 1326 dominus
869 1263 983 1325 noster
997 1255 1132 1324 illustris
1146 1255 1218 1324 Rex
1233 1256 1329 1325 nobie
1344 1256 1485 1324 tirmiter

347 1367 484 1436 dederat
494 1365 529 1434 iu
539 1365 757 1454 mundatis,ut
766 1383 864 1452 super
874 1364 1082 1434 terriscastri
1092 1365 1187 1434 finem
1197 1369 1230 1432 et
1239 1364 1480 1450 perfectionem

349 1477 542 1563 faceremus,
573 1495 615 1543 ne
645 1474 779 1542 ulterius
811 1473 938 1548 nobiles
954 1479 1049 1558 terre,
1067 1473 1198 1541 racione
1213 1480 1298 1540 terre
1314 1471 1424 1539 Gsstri
1441 1474 1478 1538 iu

347 1585 438 1654 litem
455 1592 486 1653 et
501 1582 661 1654 actionem
677 1580 894 1668 traherentur,
910 1602 972 1650 neo
988 1580 1138 1650 Castrum
1154 1580 1292 1650 ulterius
1321 1579 1479 1648 molesta-

346 1698 434 1760 retur
448 1713 506 1780 per
521 1691 649 1760 nobiles
664 1696 770 1774 terre;
787 1690 861 1759 ideo
878 1710 976 1778 super
991 1689 1065 1778 ipsa
1080 1689 1244 1777 particula
1257 1694 1344 1757 terre
1360 1709 1380 1755 a
1397 1689 1479 1756 titiis

345 1801 427 1869 daco
458 1800 670 1884 reambulata,
685 1803 718 1865 et
733 1818 831 1892 super
857 1798 930 1867 aliis
947 1800 1042 1866 terris
1058 1798 1196 1866 filiorum
1211 1799 1293 1868 Jaco
1309 1794 1478 1864 heredita·

347 1906 416 1993 riis,
431 1914 623 1994 perpetuum
639 1905 812 1974 silencium
827 1906 896 1974 litis
912 1912 944 1973 et
959 1906 1097 1974 actionis
1129 1904 1211 1990 ipsis
1242 1903 1478 1990 iobagionibus

347 2014 454 2084 castri
485 2015 699 2101 imponentes,
724 2011 872 2083 misimus
887 2011 1051 2082 hominem
1067 2016 1214 2080 nostrum
1229 2010 1383 2080 idoneum
1400 2031 1476 2079 cum

346 2121 476 2189 homine
493 2121 647 2208 Capituli,
663 2127 695 2187 et
709 2121 855 2188 misimus
872 2121 977 2188 eciam
993 2139 1105 2188 omues
1136 2117 1329 2203 iobugioues
1362 2116 1476 2187 saecri

346 2249 444 2316 snper
459 2227 548 2296 ittam
564 2228 758 2313 particulam
774 2233 860 2295 terre
877 2226 1092 2311 reambulate,
1110 2232 1143 2293 et
1157 2243 1256 2309 super
1271 2245 1385 2294 omnes
1405 2233 1471 2293 ter-

346 2356 401 2404 ras
432 2335 650 2404 hereditariae
682 2335 827 2422 ipsorum
859 2335 998 2403 filiorum
1022 2333 1127 2420 Jaco3
1150 2334 1277 2402 scilicet
1292 2342 1360 2401 tam
1375 2355 1477 2422 super

347 2451 434 2512 terra
450 2444 561 2512 Sancti
578 2441 721 2532 Georgii,
738 2464 837 2529 quem
852 2464 950 2531 super
966 2450 1054 2511 terra
1069 2442 1230 2530 Sceluiaa,
1247 2449 1284 2510 ut
1298 2442 1479 2512 circuirent

346 2571 402 2620 eas
433 2569 544 2619 coram
574 2551 806 2620 commetaneis
838 2557 870 2620 et
885 2549 1011 2638 vicinis,
1029 2557 1062 2619 et
1078 2556 1181 2622 metas
1197 2569 1310 2618 earum
1325 2551 1423 2620 nobis
1441 2551 1477 2619 iu

347 2659 476 2747 seriptis
491 2666 704 2747 reportarent,
718 2666 754 2728 ut
769 2681 829 2729 nos
856 2681 929 2730 eum
959 2660 1126 2748 privilegii
1155 2659 1259 2729 nostri
1288 2661 1477 2747 patrocinio
1589 2719 1591 2748 ,

349 2768 625 2854 confirmaremus,
657 2769 744 2853 quod
763 2806 804 2818 —
824 2791 868 2816 -·
884 2805 929 2820 ·-
959 2769 1046 2838 iuter
1089 2768 1282 2853 iobagiones
1313 2769 1426 2838 Castri
1442 2775 1476 2839 et
1590 2791 1591 2856 }

347 2881 529 2946 castrenses
559 2896 600 2943 ao
629 2874 718 2962 ipsos
750 2875 836 2945 tilios
867 2877 961 2962 daco,
988 2896 1087 2963 super
1117 2875 1205 2946 facto
1235 2885 1405 2962 terrarum,
1430 2875 1477 2944 lis

347 2990 502 3052 cessaret.
533 2982 742 3051 Postmodum
760 2989 870 3052 autem
885 2983 972 3051 idem
988 2981 1137 3053 Andreas
1153 2982 1268 3052 (tomes
1299 2990 1334 3054 et
1355 3003 1473 3052 omnes

344 3090 534 3176 iobagiones
550 3089 657 3158 Gastri
672 3111 712 3158 ao
727 3091 942 3161 commetanei
965 3092 1113 3177 ipsarum
1143 3099 1300 3160 terrarum
1330 3091 1376 3159 ad
1405 3111 1469 3160 nos
1504 3111 1515 3132 ⁹

345 3199 530 3286 redeuntes,
545 3197 696 3266 dixerunt
712 3222 720 3266 r
736 3199 823 3283 quod
839 3198 1028 3268 circuissent
1042 3206 1162 3284 terram
1188 3199 1303 3267 Sancti
1335 3198 1473 3285 Georgii

348 3313 380 3372 et
396 3312 515 3377 terram
546 3304 698 3375 Soelniua
728 3325 787 3395 per
811 3312 925 3390 totum,
955 3313 989 3375 et
1012 3326 1109 3394 super
1124 3306 1219 3375 metis
1235 3327 1346 3376 earum
1360 3307 1474 3377 nullus

347 3411 606 3500 contradixisset,
622 3422 654 3483 et
685 3413 790 3483 eciam
821 3435 882 3484 nos
912 3434 986 3483 oum
1016 3414 1206 3485 fecissemus
1238 3415 1272 3484 in
1302 3419 1476 3504 presencia
1589 3427 1590 3446 ³

344 3521 489 3589 omnium
517 3520 730 3606 iobsgionum
751 3521 871 3608 (taetri,
888 3523 970 3592 etin
986 3524 1159 3608 presencia
1174 3532 1473 3596 commetaneorum
1588 3531 1589 3594 ἶ

296 3618 303 3635 ”
348 3627 416 3711 legi
446 3625 538 3713 ipsas
568 3636 683 3718 metas,
714 3630 826 3700 nullus
859 3630 962 3699 eciam
994 3653 1106 3703 eoram
1136 3633 1232 3703 uobis
1262 3635 1475 3724 contradixit,

345 3733 442 3802 immo
473 3755 585 3806 ornnes
616 3757 785 3806 assensum
816 3739 1023 3826 prebuerunt.
1054 3741 1097 3808 stt
1119 3741 1309 3829 priusquam
1327 3743 1474 3813 nonfuit

347 3843 591 3931 contradictum,
631 3865 690 3914 uos
731 3853 835 3915 metas
873 3855 959 3917 terre
996 3848 1110 3918 Sancti
1148 3848 1281 3935 Georgii
1305 3855 1340 3918 et
1368 3857 1476 3921 metas

345 3957 427 4020 terro
465 3949 615 4020 Sceluiua
650 3954 685 4022 in
723 3975 857 4041 presens
890 3955 1095 4044 privilegium
1124 3957 1270 4026 seriatim
1300 3965 1476 4049 ponentes,

345 4057 434 4146 ipsse
472 4067 574 4129 terras
615 4062 649 4129 in
688 4081 770 4148 paee
808 4061 887 4148 ipsis
925 4064 1002 4133 filiis
1039 4063 1121 4133 Jaeo
1168 4072 1335 4151 tamquam
1381 4065 1476 4138 here-

346 4167 482 4234 ditarias
512 4169 712 4254 reliquimus.
742 4169 852 4237 Prima
881 4171 980 4258 igitur
1011 4180 1098 4241 meta
1121 4180 1209 4243 terre
1236 4173 1350 4244 Sancti
1373 4174 1476 4246 Geor·

345 4274 391 4360 gii
420 4272 535 4361 incipit
559 4275 600 4343 de
639 4275 932 4367 cremona-goriza,
969 4283 1012 4349 ab
1050 4279 1172 4350 oriente
1201 4286 1308 4350 autem
1334 4304 1476 4353 comme-

345 4389 461 4451 tanens
471 4391 521 4451 est
537 4381 652 4454 Comes
667 4385 816 4475 Michaei,
833 4393 867 4454 et
881 4412 903 4459 a
917 4387 1146 4476 septemtrione
1161 4395 1237 4459 sunt
1253 4391 1405 4459 cruciferi
1421 4393 1474 4460 De

345 4491 464 4559 Sancto
480 4490 606 4561 Joaune
631 4496 857 4582 commetanei,
873 4537 913 4550 -
933 4533 975 4546 —
992 4533 1038 4549 -
1053 4531 1097 4548 -
1114 4498 1316 4585 postmodum
1331 4498 1427 4568 vadit
1441 4507 1475 4568 et

345 4599 515 4668 descendit
530 4601 574 4668 ad
593 4603 763 4672 meridiem
777 4624 876 4690 super
890 4605 1044 4676 Zotischa
1075 4607 1109 4674 iu
1140 4627 1259 4692 magno
1288 4608 1413 4696 specio,
1430 4609 1475 4676 ab

344 4705 467 4784 oriente
498 4717 737 4782 commetaneue
769 4733 847 4786 suus
864 4697 1261 4808 accommodantes
1277 4715 1311 4786 iu
1328 4715 1395 4785 fine
1411 4717 1472 4790 Ze
