3116 5178
811 385 971 486 Qe-

327 577 488 646 dietorum
506 579 739 665 comitatuum,
756 576 885 648 dumet
910 576 1042 662 quando
1072 597 1132 646 nos
1164 577 1216 644 rel
1247 595 1459 648 successores

328 686 429 752 nostri
444 685 480 754 in
496 686 611 770 Regno
628 685 762 756 noete
777 687 999 773 personaliter
1013 685 1170 754 fuerimus
1179 687 1358 770 constituti,
1374 693 1457 754 tam·

326 789 381 860 din
398 794 553 877 quamdin
569 813 693 861 moram
708 793 831 864 ibidem
847 793 1036 879 fecerimus,
1051 813 1134 861 vnus
1151 813 1193 860 ex
1208 792 1288 878 ipsis
1304 811 1460 880 persena-

327 898 404 966 liter
419 919 477 985 pro
493 919 593 986 posse
610 900 763 968 decenter
779 898 962 988 expeditus,
992 901 1063 968 suis
1079 899 1239 968 duntaxat
1254 899 1401 986 proprijs
1425 900 1460 965 in

331 1007 485 1093 expensis
500 1006 673 1076 seruiendo
689 1007 784 1075 nobis
800 1007 959 1076 assistere
977 1004 1096 1075 debeat
1121 1015 1155 1073 et
1178 1014 1347 1092 teneatnr;
1372 1006 1461 1074 dem·

328 1113 394 1197 ptis
408 1112 512 1179 eciam
531 1121 564 1182 et
579 1114 711 1181 omnino
727 1113 868 1182 cassatis
884 1112 1032 1181 omnibns
1049 1120 1083 1180 et
1098 1111 1234 1196 singulis
1250 1112 1328 1198 alijs
1356 1115 1462 1182 serui-

328 1219 389 1304 oijs
407 1227 438 1287 et
454 1219 729 1306 obligaeionibur,
744 1220 859 1305 quein
874 1219 1059 1306 priuilegijs
1076 1225 1317 1288 antecessorum
1333 1230 1461 1288 nostro·

328 1345 411 1412 rum,
438 1334 470 1394 et
485 1327 540 1393 aui
557 1327 659 1395 nestri
675 1328 764 1413 Bele,
779 1326 945 1410 quondam
960 1328 1083 1412 Regum
1098 1327 1268 1410 Hungarie
1292 1327 1461 1396 continen-

328 1439 392 1515 tur,
410 1431 564 1501 videlieet
579 1433 720 1502 sunicia
736 1453 810 1502 cnm
826 1435 933 1500 loricis
949 1433 983 1502 in
999 1435 1111 1520 Regno
1128 1440 1160 1500 et
1174 1441 1269 1501 extra
1293 1434 1459 1518 Regnum.

327 1539 440 1607 Banna
455 1539 605 1608 similiter
622 1543 779 1626 volumus,
794 1548 830 1608 vt
845 1541 880 1606 in
891 1538 1101 1626 judicacione
1117 1541 1285 1610 hominnm
1304 1541 1460 1610 etsubdi

327 1655 433 1720 torum
450 1645 667 1715 comitatuum
686 1649 906 1735 predictorum
922 1649 1055 1716 minime
1070 1667 1106 1714 se
1137 1647 1311 1732 impediat;
1330 1648 1392 1716 sed
1426 1651 1459 1716 in

328 1753 473 1838 ipsorum
489 1753 644 1822 liberiore
658 1753 719 1821 bec
745 1755 855 1822 omnia
885 1763 917 1821 et
947 1755 1080 1839 singula
1112 1754 1268 1839 deinceps
1298 1763 1459 1841 perpetuo

329 1870 512 1942 transeant,
527 1881 569 1928 ex
585 1861 788 1944 plenitudine
803 1861 935 1947 Regalis
951 1863 1063 1945 gracie
1077 1867 1188 1928 nostre
1217 1860 1457 1949 confirmamus,

331 1968 533 2036 ratificamus
550 1975 583 2036 et
606 1969 807 2037 roboramus.
853 1970 991 2054 Insuper
1006 1967 1159 2054 precibus
1184 1967 1354 2050 Friderici,
1378 1968 1460 2036 Bar·

303 2151 305 2156 ,
327 2075 482 2143 tholomei
499 2081 533 2142 et
548 2075 737 2144 Sernidonis
754 2076 916 2144 Comitum
932 2075 1161 2143 fauorabiliter
1175 2082 1372 2163 annuentes,
1401 2076 1458 2144 tri·

327 2181 482 2250 cesimam
498 2182 718 2267 supradictam
734 2183 827 2269 ipsis,
859 2191 891 2250 et
922 2182 1097 2250 heredibus
1129 2204 1168 2249 ac
1198 2182 1453 2269 posteritatibus

326 2311 435 2358 eornm
452 2281 616 2360 uniuersis
641 2291 712 2360 inre
737 2290 935 2359 hereditario
966 2291 1161 2359 donerimus
1194 2300 1227 2360 et
1257 2290 1456 2358 contulimus

324 2399 489 2485 perpetuis
505 2400 704 2486 temporibus
721 2398 975 2485 possidendam
999 2399 1060 2466 tali
1076 2420 1151 2468 vero
1168 2399 1337 2485 paccionis
1355 2398 1455 2466 inter-

324 2513 433 2592 ventu,
450 2506 535 2590 quod
551 2506 692 2591 predicti
709 2506 852 2575 Comites
868 2505 1069 2589 heredesque
1084 2507 1283 2592 eorumdem,
1314 2506 1458 2591 prefatis

323 2610 506 2695 latrociniis
522 2612 571 2680 ita
585 2632 754 2682 occurrere
771 2613 910 2681 debeant
926 2620 959 2680 et
974 2612 1174 2700 obligentur,
1206 2621 1370 2695 qnatenus
1387 2614 1455 2681 sin·

324 2719 413 2804 gulis
429 2740 494 2787 non
511 2720 607 2790 modo
623 2723 867 2808 mercatoribus,
884 2741 996 2788 verum
1016 2722 1121 2788 eciam
1148 2719 1291 2790 cuiusuis
1317 2721 1456 2788 alterins

324 2825 525 2894 condicionis
549 2826 735 2895 hominibus
758 2847 816 2914 per
848 2826 968 2894 dietum
1001 2847 1115 2896 nemus
1147 2826 1271 2897 Gwond
1301 2835 1392 2897 tutus
1425 2836 1456 2897 et
1552 2885 1555 2918 ,

324 2953 459 3002 securus
475 2940 589 3021 pateat
605 2937 781 3018 transitus,
806 2935 855 3003 ita
871 2935 959 3019 quod
975 2937 1002 3002 si
1019 2975 1064 2986 -
1081 2973 1125 2984 --
1153 2977 1190 2986 -
1219 2972 1263 2984 -
1294 2945 1454 3006 mercato·
1552 2923 1554 3012 Ξ

325 3061 394 3109 rem
411 3043 465 3110 vel
481 3042 620 3110 alterius
635 3039 835 3110 condicionis
851 3041 1016 3110 bominem
1034 3042 1169 3128 spoliari
1186 3063 1225 3111 ae
1255 3043 1352 3111 bonis
1385 3048 1453 3112 suis
1550 3073 1553 3124 ,ι

325 3148 453 3232 priuati
468 3149 658 3234 contigerit;
682 3157 801 3218 extunc
816 3149 990 3216 memorati
1004 3149 1146 3217 Comites
1162 3169 1340 3235 eorumque
1364 3152 1456 3220 here-
1550 3129 1552 3154 ¹

325 3255 384 3324 des
401 3252 589 3339 adplenum
605 3253 870 3322 satisfaccionem
886 3254 968 3339 ipsis
985 3255 1137 3339 spoliatis
1155 3255 1376 3344 (obligentur).
1416 3259 1455 3324 ln
1549 3249 1551 3290 ἕ

324 3359 412 3427 dioto
429 3366 540 3428 monte
556 3359 644 3428 intra
660 3360 828 3429 ciuitatem
843 3359 984 3446 Modrns,
1003 3368 1036 3428 et
1049 3363 1157 3430 locum
1173 3363 1243 3431 eins
1259 3365 1390 3450 montis,
1421 3367 1456 3432 in
1478 3363 1488 3373 ‘

323 3485 387 3551 qno
403 3464 542 3551 quedam
558 3467 690 3553 capella
705 3469 770 3535 sita
785 3475 846 3553 est,
873 3473 1042 3553 presentes
1073 3470 1107 3535 in
1139 3469 1353 3538 stabilitatem
1385 3490 1457 3557 per-

322 3574 496 3657 hempnem
513 3573 730 3641 concessimus
746 3573 885 3661 litteras,
915 3573 1016 3658 sigilii
1033 3576 1136 3641 nostri
1159 3574 1325 3662 dupplicis
1357 3577 1456 3647 kara·

322 3685 411 3745 ctere
428 3681 650 3748 communitas.
683 3681 882 3766 Adicientes,
914 3680 1044 3764 quodsi
1061 3684 1133 3766 quis
1149 3701 1192 3751 ex
1208 3682 1256 3750 eis
1271 3685 1346 3752 sine
1362 3687 1456 3754 bere·

323 3785 420 3854 dibus
459 3785 660 3871 decesserit,
708 3789 940 3876 prelibatorum
972 3788 1190 3856 Comitatnnm
1222 3790 1387 3877 Wynodol
1419 3800 1453 3860 et
1527 3830 1532 3839 ·

322 3890 455 3962 Modrus
472 3892 622 3981 donacio,
651 3915 691 3964 ac
708 3895 847 3963 aliarum
863 3893 1050 3980 graciarum
1066 3900 1099 3962 et
1115 3895 1304 3966 libertatum
1320 3918 1451 3967 conces·

320 4003 370 4068 sio
387 4001 432 4068 ad
449 4001 550 4068 alium
566 4021 608 4070 ex
624 4003 878 4088 consangnineis
894 4001 1099 4088 integraliter
1115 4010 1148 4072 et
1167 4012 1327 4090 perpetuo
1351 4006 1453 4092 perti·

320 4109 422 4176 nebit.
446 4111 569 4178 Datum
584 4131 672 4179 anno
687 4112 934 4180 incarnacionis
949 4109 1122 4180 Dominice
1137 4112 1329 4180 M⁰CG⁰LI⁰.
1357 4115 1453 4182 nonis

323 4215 458 4302 Aprilis,
475 4216 581 4301 Regni
596 4225 707 4286 autom
722 4218 827 4286 nostri
842 4236 929 4286 auno
945 4224 1038 4286 sexto
1055 4215 1221 4306 (decimo).

325 4413 371 4475 (V.
391 4413 490 4466 Istvtn
508 4415 659 4482 kiralynair
680 4416 792 4469 luco-iri
810 4416 981 4483 megerbstto
1006 4415 1203 4483 okmanydbdl,
1235 4433 1252 4471 s
1282 4418 1364 4472 budai
1396 4419 1453 4470 kir.
1523 4407 1524 4410 '

719 4505 848 4558 kamarat
867 4504 1065 4571 lertltarban.)
