3116 5178
839 212 999 312 ..en

354 401 525 491 preteritis
540 401 584 472 ud
602 403 719 475 sociem
734 404 878 492 prediete
893 405 1107 494 possessionis
1123 406 1343 496 Knrthnelyes
1361 416 1474 498 noento,

351 511 442 598 opud
457 533 573 582 munus
587 533 681 602 suus,
699 519 734 581 ut
750 513 897 596 dixisset,
928 512 1043 584 habite
1059 514 1176 584 uicinis
1192 523 1225 582 et
1256 517 1476 586 nommetoneis

356 617 423 689 suis
444 621 606 691 uniuersis
622 622 770 706 legitimo
786 626 974 690 eonuoontis
991 629 1023 690 et
1048 623 1253 710 presentibus
1286 623 1472 709 accessisse,

356 727 597 816 eundemques
612 735 705 815 purte
720 731 937 816 possessionis
961 729 1073 798 Lerna
1102 735 1217 798 ruente
1246 730 1283 796 in
1312 753 1376 800 uno
1404 729 1473 798 berk

355 835 486 920 wlgerit
496 855 531 902 er
547 833 710 904 Cuubentu
726 858 787 925 per
802 843 927 923 septem
944 843 1048 905 metus
1064 842 1141 906 tuno
1156 859 1214 925 per
1238 839 1330 924 ipsos
1363 843 1474 906 erectus

360 943 451 1012 nullo
465 943 598 1031 penitus
613 943 850 1011 eonbadietore
865 943 947 1011 inibi
963 949 1143 1029 apparente
1167 944 1402 1013 reumbulundo
1424 965 1475 1032 per

361 1048 492 1119 eosdem
507 1049 645 1133 Regium
661 1058 694 1119 et
710 1051 898 1120 Conuentus
914 1050 1062 1120 homines
1076 1050 1143 1120 sibi
1156 1051 1261 1118 stetui
1275 1050 1422 1134 lenisset,
1442 1071 1479 1120 ee

249 1161 251 1166 '
360 1157 396 1224 in
414 1155 527 1226 eodem
542 1157 625 1225 berk
640 1178 756 1228 uersus
772 1165 898 1247 partem
915 1158 1213 1248 septemtrionalem
1227 1158 1475 1246 prosedendoiu

358 1266 503 1354 quinque
518 1267 600 1335 louis
616 1266 764 1336 similiter
778 1273 884 1338 metas
899 1275 1024 1338 terreas
1040 1268 1123 1353 origi
1140 1273 1172 1337 ot
1188 1268 1287 1337 modo
1302 1289 1370 1354 quo
1386 1290 1476 1356 supro

238 1421 240 1425 .
357 1374 423 1442 sibi
440 1374 541 1444 statui
559 1373 666 1444 lucere
681 1375 863 1445 uoluisset:
881 1376 1013 1446 tandem
1029 1377 1209 1463 Gregorius
1223 1375 1310 1445 lilius
1326 1377 1415 1445 Nutu
1439 1377 1476 1443 ub

362 1482 529 1552 ereeeione
544 1483 689 1570 ipsarum
705 1490 864 1553 metarum
880 1485 1099 1572 prohibuisset
1123 1485 1187 1553 stb.
1219 1483 1414 1572 (idertetett)
1440 1481 1480 1551 sd

344 1584 493 1660 ,o'otuuas
510 1590 588 1660 testi
602 1591 698 1659 Beati
713 1591 829 1662 Juuobi
845 1593 997 1680 Apostoli
1012 1598 1089 1662 tuno
1104 1599 1260 1683 uenturus
1276 1593 1342 1663 stb.
1359 1600 1392 1663 et
1415 1613 1479 1661 oum

362 1701 647 1768 instrumentorum
671 1698 817 1787 ipsorum
847 1699 1011 1770 exhibioio
1041 1701 1087 1767 ud
1117 1708 1252 1770 ostanus
1280 1702 1367 1770 festi
1395 1701 1479 1770 bean

360 1805 494 1894 Georgij
506 1805 648 1894 martiris
659 1806 807 1893 proximo
816 1807 990 1894 preteritas
1000 1807 1163 1895 protelato
1172 1807 1481 1897 extitisset,denique

359 1915 442 2003 ipsis
476 1917 601 1988 oetsuis
628 1917 880 1994 aduenientibus
896 1919 959 1986 stb.
976 1917 1176 2004 presoriptus
1192 1916 1380 1985 Demetrius
1395 1935 1482 2003 quos
1552 1941 1554 1964 ¹

360 2021 436 2091 dnm
451 2025 580 2094 litteras
596 2027 656 2106 stb.
672 2027 768 2094 nobis
784 2025 986 2112 presentunit
1002 2027 1065 2093 stb.
1103 2024 1404 2106 Quibusexhibitis
1425 2027 1481 2092 stb.

360 2130 517 2201 Nieoluus
533 2133 621 2219 filius
635 2132 794 2201 iohannis
809 2138 999 2218 procurator
1013 2130 1117 2216 ipsius
1142 2129 1294 2216 Gregorij
1326 2131 1484 2216 quoddam

361 2238 572 2324 priuilegium
588 2237 709 2308 domini
726 2241 806 2307 Bele
822 2238 937 2318 Quarti
947 2239 1025 2307 olim
1045 2239 1146 2323 Regis
1161 2238 1347 2328 -Hungsrie‚
1357 2236 1481 2306 seeundi

364 2346 497 2414 Andree
513 2349 614 2432 Regis
630 2348 687 2434 filij
706 2369 790 2416 anno
807 2346 938 2414 Domini
953 2346 1126 2415 millesimo
1151 2346 1374 2415 dueentesimo
1400 2347 1489 2432 quin·¹

367 2454 557 2548 quagesimo
574 2462 700 2542 quarto,
718 2463 810 2524 sexto
826 2455 991 2524 kalendas
1005 2454 1167 2543 lanuarij,
1184 2454 1291 2538 Regni
1306 2461 1415 2522 nutem
1438 2455 1489 2522 sui·

362 2561 622 2648 annovigesimo
640 2562 822 2632 confectum
852 2569 963 2631 nostro
990 2561 1156 2648 jndieurio
1188 2561 1330 2628 examini
1363 2564 1484 2630 curauit

365 2669 532 2752 exbiberi3
556 2670 647 2740 euius
662 2671 765 2739 series
781 2671 866 2738 inter
881 2670 951 2738 alie
965 2691 1022 2757 per
1037 2670 1145 2756 ipsum
1175 2667 1344 2736 dominum
1374 2669 1482 2737 Belem
1552 2729 1554 2766 ;

276 2769 279 2775 ’
360 2780 485 2865 Regem
499 2779 534 2846 in
550 2778 773 2847 concambium
789 2783 946 2846 terrorum
965 2775 1116 2862 Gregorij
1134 2775 1192 2863 filij
1208 2777 1299 2843 Nate
1314 2775 1487 2864 Gyelreny,
1552 2777 1554 2840 1

218 2878 219 2883 ’
360 2889 464 2977 Psya,
478 2885 671 2972 Hollowzeg
685 2893 718 2952 et
733 2885 949 2972 Egerputnku
962 2890 1151 2953 vocaturum
1168 2880 1210 2950 ad
1225 2882 1481 2968 vigintiquatuor
1552 2887 1554 2970 ξ

360 3003 471 3065 aratra
486 2995 698 3064 sufficientem
714 2992 937 3077 existenoium,
954 2992 1040 3060 infru
1055 2995 1193 3060 emirum
1209 2991 1319 3058 Tubul
1328 2993 1488 3061 mansius·
1551 2991 1554 3072 ξ

364 3111 477 3188 turum,
496 3101 625 3189 pridem
641 3101 771 3188 quidem
795 3101 1078 3188 depopulatorum,
1108 3100 1151 3166 ab
1183 3099 1297 3167 eodem
1314 3098 1486 3186 v(irregorio

366 3232 426 3298 per
441 3209 581 3278 eundem
597 3216 809 3296 recepturum,
837 3207 930 3275 etad
944 3207 1119 3277 utilitatem
1134 3206 1213 3275 dieti
1244 3208 1353 3275 (lustri
1385 3207 1488 3275 Tubul
1552 3213 1554 3294 ξ

367 3319 602 3409 perpetualiter
618 3318 767 3386 daturum
784 3317 871 3384 dieto
887 3316 1046 3402 Gregorio
1062 3317 1128 3384 filio
1145 3316 1244 3401 Nate,
1276 3324 1310 3384 et
1333 3335 1395 3402 per
1419 3335 1489 3382 eum
1552 3299 1554 3380 1

366 3426 434 3495 suis
450 3423 624 3511 ¹heredibus
641 3445 681 3492 uo
696 3423 937 3500 suooessoribus
954 3431 1057 3492 terras
1074 3423 1243 3510 quasdam,
1274 3423 1391 3490 Lerna
1406 3422 1493 3491 seili·
1550 3385 1554 3494 1

366 3540 417 3602 oet
433 3543 464 3602 et
481 3535 661 3601 Chemernu
677 3533 718 3601 sd
734 3532 871 3618 triginta
886 3538 1001 3599 aratra
1016 3531 1223 3618 sufficientes,
1240 3530 1323 3599 situs
1338 3532 1376 3598 in
1393 3529 1493 3600 Comi·
1552 3525 1554 3578 1

363 3641 696 3727 tutu-Zempliniensi,
713 3640 746 3706 in
761 3641 879 3724 quibus
893 3639 1018 3707 Mision
1035 3647 1067 3706 et
1082 3637 1257 3730 Neunlped
1280 3646 1384 3714 untes
1408 3657 1489 3708 rese
1537 3579 1554 3690 1

363 3746 497 3839 dissent,
526 3769 647 3819 uuouus
665 3747 795 3816 omnino
812 3754 844 3814 et
874 3746 1110 3815 habintoribus
1139 3753 1299 3832 serentes,
1330 3755 1493 3836 perpetuo
1551 3755 1554 3886 ⁴

363 3859 579 3947 possidendus
595 3856 745 3946 traditas,
762 3854 932 3944 ipsumque
949 3853 1141 3939 Gregorium
1156 3874 1216 3942 per
1239 3852 1371 3922 fidelem
1396 3875 1491 3924 suum
1552 3891 1554 3920 .

361 3968 555 4038 Miobuelem
570 3967 729 4034 Comitem
745 3962 787 4031 de
817 3965 919 4031 Serus
950 3962 983 4028 in
1015 3961 1217 4048 eorpornlsm
1246 3962 1493 4048 possessionem
1546 3927 1554 4102 1

363 4075 541 4147 earundem
586 4080 742 4141 terrarum
784 4071 1001 4140 introductum
1042 4068 1142 4138 luisse
1173 4069 1364 4152 denotatam
1406 4077 1495 4138 metu

360 4194 471 4255 nutem
516 4191 677 4253 terrarum
724 4181 911 4267 earundem,
951 4185 1048 4268 prout
1079 4181 1166 4250 idem
1198 4167 1338 4246 bllobsel
1376 4179 1496 4246 &mes

356 4298 428 4386 ipsi
473 4292 604 4364 domino
649 4291 730 4359 Belo
774 4290 858 4376 Regi
912 4291 947 4359 in
1000 4287 1069 4357 suis
1123 4286 1242 4356 litteris
1294 4285 1496 4370 intimasset

363 4403 538 4494 priuilegio
584 4401 620 4469 in
666 4399 780 4468 eodem
827 4398 971 4468 seriatim
1017 4397 1223 4466 contuentur
1259 4396 1323 4466 stb.
1365 4393 1496 4462 Datum

358 4521 394 4586 in
441 4512 623 4597 vissegrad
668 4507 890 4580 sextodeoimo
937 4506 992 4578 die
1036 4510 1226 4574 domnorum
1273 4501 1348 4572 testi
1397 4501 1496 4570 seori
