3116 5186
832 253 990 358 *pce-

302 463 306 478 ·
346 459 443 539 tare,
482 447 569 538 qnod
606 468 693 522 cnm.
717 449 862 522 homines
894 452 936 524 de
967 451 1049 522 villa
1081 449 1272 543 Zelepchen,
1303 449 1403 543 ttytos
1428 455 1456 524 et

346 559 475 650 Moncb,
512 562 663 646 Vinabor,
702 562 783 651 Bod,
822 561 975 651 Michael,
1013 562 1119 650 Legis,
1159 561 1300 653 Biasins,
1345 562 1454 646 metu

350 669 540 737 Dominions
580 677 613 738 et
651 669 814 759 Andreas,
860 691 881 738 a
920 670 1034 758 primis
1071 691 1130 740 sue
1170 670 1339 758 parentele
1373 670 1457 738 lbneis

348 778 501 850 libertate
539 783 720 847 nostrornm
758 780 972 849 seruieneinm
1018 777 1160 848 feliciter
1204 778 1390 866 gaudentes,
1422 777 1459 846 ad

350 889 494 954 nostram
532 886 747 955 accessissent
785 888 998 975 presenciam,
1046 887 1139 955 nobis
1181 907 1274 955 suam
1321 901 1462 973 exposce.

352 999 432 1062 runt
462 993 680 1080 voluntatem
718 995 807 1078 qnod
839 997 983 1084 ipsorum
1015 997 1116 1083 plena
1145 999 1232 1064 esset
1261 993 1460 1064 voluntasei

353 1107 519 1188 promptus
535 1101 673 1192 eiectus,
689 1109 764 1171 voto
780 1104 854 1190 pnri
871 1125 944 1172 cum
956 1105 1105 1171 omnibns
1115 1103 1184 1171 auia
1195 1101 1376 1186 heredibus,
1385 1099 1463 1168 here

352 1208 493 1292 dumque
509 1229 639 1278 sucrum
654 1209 907 1293 successoribus,
924 1211 1089 1278 consoroio
1101 1208 1317 1296 jobagionnm
1327 1197 1467 1276 Ecclesie

353 1323 465 1408 nostre
481 1318 522 1386 de
538 1317 650 1386 Grana
661 1318 769 1406 jungi,
800 1318 974 1404 dignanter
1005 1339 1116 1387 eornm
1147 1317 1293 1388 osticium
1325 1336 1464 1391 exercent

355 1427 441 1494 dum.
466 1425 564 1496 Vnde
579 1425 665 1495 idem
680 1427 799 1494 Nostre
823 1427 990 1496 Maiesteti
1021 1425 1185 1496 humiliter
1216 1424 1423 1512 suplicantes,
1448 1444 1464 1490 a

355 1535 450 1604 nobie
465 1535 663 1604 unanimiter
679 1535 893 1622 postularunt
923 1545 958 1605 vt
972 1537 1118 1623 ipsorum
1133 1537 1339 1604 voluntatem
1356 1533 1464 1620 pariter

356 1647 390 1718 et
405 1643 557 1711 affectum
574 1643 665 1711 iuxta
681 1645 851 1731 peticionis
865 1663 924 1713 sne
939 1644 1076 1712 formam
1092 1644 1136 1713 ad
1151 1643 1374 1713 desideratum
1383 1640 1467 1713 once

356 1771 463 1840 remus
479 1752 639 1822 effectum.
664 1753 731 1820 Nos
747 1750 846 1838 igitur
871 1771 982 1821 corum
1017 1753 1168 1836 congruis
1198 1749 1468 1838 postulacionibns

354 1859 469 1928 fenore
484 1866 667 1928 annuentes
683 1859 845 1948 beniuole,
860 1859 1055 1928 anctoritate
1066 1843 1334 1944 Regiadnximns
1344 1862 1470 1928 atamen

356 1967 442 2052 dnm,
463 1973 496 2033 et
513 1968 753 2038 deliberacione
770 1968 907 2056 prouida
926 1966 1167 2037 ordinandum:
1193 1965 1280 2052 qnod
1314 1972 1382 2036 tam
1410 1963 1471 2052 ipsi,

359 2094 456 2160 quam
473 2075 615 2162 ipsorum
632 2075 780 2165 heredes,
796 2076 1016 2161 heredumque
1032 2097 1161 2156 snorum
1186 2095 1397 2154 successores
1424 2073 1472 2140 ilio

356 2183 518 2253 libertatis
532 2186 718 2255 muniantur
733 2186 838 2272 titulo,
855 2207 920 2272 qno
936 2187 1035 2256 ceteri
1047 2185 1244 2276 jobagiones
1271 2206 1292 2253 a
1328 2180 1472 2270 piissimis

358 2293 622 2364 antecessoribus
638 2295 759 2364 nostris
775 2297 998 2365 Ecclesiamm
1014 2294 1120 2364 officio
1135 2293 1279 2381 deputati
1297 2299 1377 2360 sunt
1398 2288 1473 2364 beni·

358 2420 422 2486 gne
437 2401 563 2468 muniti.
590 2399 837 2472 Verumtamen
853 2405 882 2471 si
907 2404 1109 2490 contingeret
1141 2403 1276 2472 eosdem
1309 2397 1475 2470 somario-

358 2509 452 2578 nibus
469 2509 625 2580 heredum
642 2510 772 2581 omnino
789 2531 920 2599 carere;
937 2518 1024 2580 terra
1041 2512 1187 2598 ipsorum
1200 2507 1431 2598 nichilominus
1438 2503 1474 2572 ad

359 2617 411 2684 ins
426 2626 617 2705 perpetuum
633 2620 784 2690 Ecclesie
815 2625 1049 2708 prememorato
1080 2618 1284 2688 deuoluatnr.
1326 2619 1472 2686 Meumn

360 2731 467 2794 autem
483 2733 568 2796 terre
583 2727 714 2798 iliorum
729 2730 988 2817 assigneoiones,
1004 2731 1090 2800 sieut
1105 2729 1147 2796 ab
1164 2748 1220 2796 ore
1235 2726 1350 2796 dilecti
1365 2722 1473 2793 etfide·

362 2832 402 2900 iis
417 2835 522 2902 nostri
538 2835 673 2906 Comitis
689 2837 882 2905 Aleosandri
899 2836 986 2925 (tgy)
1003 2836 1190 2923 didicimus,
1215 2835 1380 2922 presentis
1409 2830 1475 2900 scri·

360 2939 409 3026 pti
438 2943 616 3027 patrocinio
648 2945 832 3013 censuimus
861 2943 1078 3014 annotandas.
1118 2944 1228 3011 Prima
1258 2943 1373 3029 itaque
1401 2943 1477 3006 meta

362 3047 477 3138 incipit
492 3071 533 3120 ex
549 3059 643 3139 parte
656 3054 734 3122 viiie
749 3055 877 3142 Nyweg
892 3055 1060 3122 nominate
1075 3055 1168 3122 iuxta
1185 3052 1364 3139 quamdam
1386 3045 1478 3118 nnt-

369 3155 512 3226 tudinem
528 3161 689 3250 urbcrum,
707 3183 771 3248 que
787 3163 956 3247 wlgariter
971 3167 1068 3251 Moye
1087 3161 1183 3250 (ἴαμα
1208 3165 1431 3245 nuncupatur,
1451 3159 1481 3223 et

363 3266 454 3333 iuxta
470 3267 607 3336 eandem
627 3273 720 3359 Moys
735 3271 834 3358 (iope
849 3271 987 3338 tendens
1003 3269 1194 3356 contignant
1208 3275 1294 3336 terre
1319 3263 1480 3342 Guenden,

364 3374 419 3444 vbi
434 3383 510 3443 snnt
526 3377 693 3445 monticuli
710 3383 869 3447 metarum
900 3377 943 3444 de
974 3383 1062 3446 terra
1091 3377 1275 3460 securum,
1301 3375 1382 3444 inde
1412 3385 1482 3441 vern

364 3481 457 3550 sedit
473 3485 567 3552 iuxte
582 3503 681 3554 unum
705 3491 870 3554 matinen
894 3506 954 3573 per
985 3488 1127 3572 longum,
1159 3478 1194 3549 in
1224 3485 1366 3553 termino
1399 3481 1483 3550 cuim
1528 3464 1536 3479 ⁸

363 3588 533 3680 deseendit
548 3590 592 3660 ad
608 3590 771 3679 quandam
787 3613 974 3678 cauernam,
991 3615 1054 3678 que
1069 3594 1154 3678 wigo
1165 3595 1280 3682 potior
1305 3615 1411 3660 omem
1435 3599 1486 3656 nc

366 3698 526 3798 minatur,
550 3698 668 3770 deinde
684 3710 793 3770 autem
808 3704 945 3771 tendens
962 3702 996 3769 in
1012 3708 1108 3789 prato
1124 3719 1181 3787 per
1196 3719 1312 3769 nemus
1326 3699 1485 3785 quoddam

366 3808 483 3876 transit
497 3808 584 3877 ultre
599 3807 733 3878 fluuium
751 3810 858 3897 Zytua
872 3831 972 3897 snpra
996 3818 1115 3878 terram
1148 3809 1328 3893 arabilem;
1354 3813 1389 3874 et
1418 3805 1489 3873 inde

367 3917 529 3986 transiens
545 3938 602 4004 per
617 3919 757 3988 medinm
775 3920 925 3988 arborum
942 3913 1193 4004 fructiferarum,
1208 3915 1301 3986 vadit
1316 3935 1422 4002 usqne
1436 3913 1489 3981 dn·

366 4026 455 4092 nium
471 4025 605 4113 chba3
632 4033 665 4096 et
680 4029 841 4098 uncrinus
858 4049 916 4117 per
931 4028 1069 4098 eundem
1084 4027 1219 4095 fluuium
1235 4024 1328 4094 radit
1343 4025 1389 4092 nd
1405 4043 1487 4090 cam·

244 4223 246 4226 Ι
368 4153 445 4219 pum
461 4133 552 4202 iuxta
566 4141 684 4205 terram
701 4138 868 4205 memorati
886 4136 1024 4206 Genden
1041 4137 1076 4202 in
1093 4136 1246 4221 longum,
1267 4132 1343 4202 inde
1359 4151 1440 4201 vere
1453 4125 1494 4198 ati

368 4254 645 4330 scemurensem,-
666 4243 785 4315 deinde
801 4244 969 4316 descendit
986 4243 1031 4313 ud
1045 4247 1163 4312 flumen
1188 4241 1368 4328 Terencbe,
1401 4239 1491 4308 enim

369 4347 510 4419 fluminis
527 4349 688 4420 medietas
704 4355 845 4442 pertinet
859 4353 903 4421 ad
919 4354 1067 4424 homines
1085 4351 1269 4436 eorundem,
1294 4349 1401 4418 altera
1417 4365 1493 4416 nere

369 4456 529 4525 medietas
545 4466 672 4546 spectet
687 4462 729 4529 ad
746 4462 798 4529 ins
814 4463 892 4531 vilic
906 4460 1034 4549 Hymd3
1056 4459 1135 4529 inde
1149 4465 1257 4528 antem
1287 4459 1380 4525 iuxta
1413 4456 1496 4523 iden

370 4563 488 4638 flumen
503 4565 607 4634 tendit
622 4569 771 4657 superins
802 4570 845 4639 ad
876 4570 990 4639 vitlem
1022 4568 1171 4639 Ecclesie
1201 4565 1403 4653 supradicte,
1437 4581 1498 4648 qne
