3116 5186
43 533 250 617 Apostolorum
283 534 353 600 sius
384 555 418 602 se
451 539 808 609 noveritiucursurum.
841 544 960 609 Datum
975 543 1155 611 ReuleXl.

44 637 174 706 kalendis
190 641 341 724 Augusti.
359 641 572 713 Pontificatns
588 647 691 714 nostri
707 667 793 716 auno
812 655 914 717 sexto.

45 837 171 901 (lkulcsiu,
189 839 317 890 Menum.
339 841 436 890 histor.
456 843 549 906 Episo.
569 845 687 911 ngreb.
707 847 729 895 1.
749 847 808 897 ludi.
829 853 870 898 73.
891 847 945 912 lap.
978 849 1011 898 V.
1031 853 1056 898 ὅ.
1076 849 1157 914 stdr

332 928 396 981 (lod.
416 931 490 994 Dipl.
510 932 562 984 111.
582 934 641 985 ludt.
662 942 685 986 2.
705 950 726 987 r.
748 941 808 987 290.
826 938 857 1000 l.)

453 1219 720 1232 .-...-.-......-

7 1741 9 1748 ι

6 1833 8 1844 r

6 1873 9 2014 Ι
6 1964 211 2054 pFrunpepc'n
228 1971 327 2052 Iccius,
343 1968 486 2037 Guido'
468 1993 498 2037 es
515 1972 644 2035 Henrilc
660 1969 767 2057 crepini
782 1971 1189 2056 prdfokezertszipclrselt

267 2079 521 2162 cormonyzo'sott
537 2080 780 2164 rzalotpozzck.
798 2081 894 2144 1232

5 2325 7 2336 ,
123 2275 311 2342 innomine
342 2275 466 2342 domiui
483 2275 543 2342 Dei
560 2281 591 2342 et
615 2275 785 2342 salvatoris
801 2270 902 2342 nostri
918 2275 996 2342 ‚Iesu
1014 2275 1145 2342 Christi.

5 2379 111 2448 lluuo
144 2383 281 2450 Domini
322 2382 494 2450 millesimo
533 2382 749 2449 ducentesimo
788 2383 953 2466 trigesimo
991 2383 1146 2466 secundo,

4 2469 72 2682 ,fib
38 2509 127 2555 mense
149 2493 337 2576 Decembri,
363 2491 542 2558 indictione
566 2497 671 2575 sextu,
703 2489 854 2558 ltiuoelti.
889 2489 982 2556 Natis
1010 2511 1145 2560 nusoeu·

38 2596 161 2680 duone
177 2601 249 2665 sive
278 2599 452 2666 nascendis
471 2599 556 2664 iuter
581 2618 641 2665 uos
658 2595 829 2664 discordiis
846 2596 1025 2682 litigiisque
1044 2607 1144 2683 atque

6 2017 9 2100 Ι

5 2111 10 2310 p

5 2337 7 2376 Ι

4 2641 10 2854 ΙῘ
40 2705 246 2772 ιιιιιοιιιιὶίι
275 2706 397 2792 orioro,
425 2704 522 2772 etad
547 2725 587 2772 ee
602 2723 731 2790 semper
747 2703 886 2772 sollicite
913 2724 951 2772 uc
975 2704 1149 2790 diligenter

40 2811 193 2900 intendere,
209 2835 277 2898 que
295 2821 370 2880 suut
395 2811 577 2897 concordie,
596 2811 730 2880 unitatis
746 2821 779 2878 et
803 2811 905 2899 pacis,
921 2819 954 2880 et
976 2810 1146 2880 eredentes

4 2857 8 2996 Ι
39 2937 114 2998 pum
128 2923 305 3006 plurimum
329 2922 540 3007 complacere,
572 2922 626 3002 qui
658 2940 736 3005 pars
760 2925 876 2988 nostru
901 2920 980 2988 lecit
1004 2927 1142 3005 utruque

4 2999 8 3090 Ι
41 3045 118 3094 unum
132 3025 210 3098 duos
225 3031 373 3116 parietes
389 3028 557 3098 venientes
572 3049 612 3096 ex
629 3027 756 3096 diverso
772 3029 948 3113 couiuuges
965 3029 998 3094 iu
1016 3049 1051 3096 se
1076 3029 1145 3114 ipso

39 3131 126 3220 lapide
141 3138 306 3222 ungulari
325 3139 391 3204 Nos
424 3137 602 3223 Johcuues,
633 3135 741 3204 drino
758 3145 791 3204 et
821 3138 981 3205 Henrious
1003 3133 1145 3204 Comites

4 3253 6 3328 p
39 3240 192 3326 legleuses
204 3246 501 3330 consanguinitatis
511 3245 641 3313 viuculo
651 3247 798 3332 connexi,
810 3246 900 3314 citati
911 3265 970 3332 per
980 3242 1142 3310 dommum

39 3349 140 3420 Ducem
152 3354 370 3422 Venecicrum
381 3361 415 3421 et
431 3356 501 3422 sius
517 3349 703 3439 Consilium,
721 3358 757 3419 nt
768 3367 877 3420 coram
893 3353 939 3420 eis
950 3352 1144 3438 veniremus,

4 3449 5 3452 '
41 3466 65 3523 et
84 3462 168 3531 nohis
197 3484 309 3531 coram
336 3464 384 3530 eis
411 3463 628 3550 personaliter
655 3462 868 3530 existentibus
895 3481 935 3527 ao
961 3460 1145 3527 iurantibus

41 3585 129 3636 eorum
139 3578 224 3639 stare
235 3572 401 3639 mandatis
411 3592 515 3656 usque
524 3573 628 3640 Pasce
637 3570 916 3639 Resurrectionem
927 3569 1084 3656 proxime,
1102 3569 1143 3635 de

4 3737 5 3744 ,
42 3679 194 3747 omnnem
227 3681 383 3750 mundato
414 3699 454 3747 ac
484 3687 595 3748 nostra
625 3680 785 3749 communi
820 3679 985 3745 voluntate
1010 3686 1042 3744 et
1073 3677 1145 3764 puri

42 3802 178 3855 consensu
211 3790 245 3855 iu
280 3810 336 3855 vos
366 3790 456 3858 viros
487 3787 612 3857 nobiles
642 3795 674 3856 et
701 3789 858 3856 discretos
884 3786 1144 3854 Bartholcmenm

41 3888 74 3956 du
98 3893 206 3982 Ounol,
223 3895 377 3963 Romnum
410 3893 586 3976 Quirinum,
616 3897 758 3962 llarcum
791 3887 1156 3981 Genumlllbertinum·

4 4033 6 4042 ‚
41 3997 240 4083 lluuriceuum
256 4004 309 4071 uel
326 4004 480 4072 iuniorem
506 4011 629 4090 partem
662 4011 801 4070 vestrum
835 4003 1079 4069 conveniremus
1103 4002 1145 4066 nd

42 4125 134 4187 punem
151 4113 235 4180 iuter
253 4134 312 4182 uos
329 4113 584 4200 componendum
601 4131 697 4198 super
713 4110 807 4179 dictis
823 4108 1009 4193 discordiis,
1026 4109 1145 4192 litigiis

44 4223 124 4299 utque
138 4221 362 4291 controversiis
388 4243 427 4288 ex
444 4229 556 4288 nostro
581 4220 743 4288 Comitutu
776 4227 808 4287 et
821 4220 918 4285 rebus
951 4216 1035 4285 aliis.
1052 4214 1147 4293 Quod

43 4325 153 4403 quidem
182 4331 256 4398 licet
282 4329 374 4398 uobis
414 4336 501 4396 esset
532 4328 753 4410 honorificum,
785 4335 892 4396 temon
924 4328 965 4393 cb
997 4325 1144 4410 graciam

45 4427 206 4504 dilectionis
222 4439 395 4526 clamoris,
412 4457 507 4519 quem
526 4457 681 4520 eugenos
703 4439 800 4522 plene
817 4435 930 4517 geritis
947 4433 1049 4500 maior
1065 4453 1142 4518 pars

44 4545 175 4633 vestrum,
199 4565 332 4630 quorum
349 4548 478 4612 uomina
494 4550 568 4611 ιιιιιι
598 4545 721 4630 scripta
752 4544 888 4611 inlerius
921 4543 981 4609 tuli
997 4541 1093 4609 modo
1112 4549 1143 4607 et

46 4646 138 4717 ordino
168 4657 200 4722 iu
230 4655 386 4723 Veueciis.
419 4653 570 4741 Inprimis
601 4654 687 4740 quod
719 4653 862 4740 regimen
901 4651 1004 4718 tocius
1043 4649 1145 4718 uostri
