3116 5186
510 343 668 443 Q

5 551 7 600 Γ
47 554 170 630 maneat,
186 537 226 613 in'
236 537 461 630 argumentum
478 540 552 608 fidei
570 539 728 625 plenioris
738 543 921 624 presentem
933 533 1152 601 concessimus

5 691 14 722 ι.
49 656 184 742 paginam
202 652 362 739 dupplicis
380 648 483 735 sigilli
498 651 599 714 nostri
617 646 794 713 munimine
812 645 843 710 in
861 650 1051 730 perpetuum
1063 638 1154 705 robo-

5 817 6 820 ,
48 769 146 829 ratam.
169 763 291 827 Datum
308 778 394 828 anno
411 756 513 824 Uerbi
538 751 704 822 lucarnati
730 751 901 821 millesimo
933 746 1154 818 ducentesimo

48 871 192 940 tricesimo
208 868 364 954 seeundo,
380 865 486 950 Regni
502 871 607 930 autem
626 861 728 930 nostri
745 881 829 926 anno
845 858 999 926 vicesimo
1015 876 1109 922 nouo.

5 1073 12 1140 ζ
49 1072 92 1132 (Aa
107 1069 203 1122 eredeti
222 1068 295 1118 ulain
315 1067 414 1116 Knauz
433 1065 549 1115 Neudor
567 1063 686 1127 Magyar
705 1061 772 1112 Sion
790 1061 828 1111 II.
845 1058 1101 1121 lriit.372.lap.;——
1113 1055 1154 1105 Aa

5 1171 7 1186 ²
239 1158 419 1222 Esztergemi
437 1154 615 1219 rokapaalan
635 1150 828 1216 Okmanytara
849 1155 888 1200 18.
908 1149 938 1211 l.)

460 1441 725 1452 —----—--·--

561 1981 634 2047 170.

5 2185 6 2188 ’
52 2179 97 2246 ir.
112 2181 241 2269 Gcrpely
255 2187 350 2267 pcipe
366 2185 547 2267 areperdsiti
562 2207 584 2248 u
599 2180 734 2268 aciprribi
744 2182 872 2267 piispdla
898 2181 929 2242 ds
960 2199 980 2238 α
1008 2199 1155 2263 pannoru-

52 2289 216 2376 lclruiapdt
232 2292 331 2374 lciizti,
347 2314 368 2354 a
384 2289 640 2356 Dravo-mellelei
656 2289 803 2356 tizedeltet
813 2287 1157 2372 tcirpyuacepyeasdpet.

543 2398 642 2461 1232.

135 2593 314 2678 Gregorius
339 2593 522 2680 Episcopus
548 2613 661 2661 servus
686 2611 849 2660 servorum
880 2591 939 2656 Dei
970 2591 1157 2660 venerabili

55 2698 127 2766 fratri
226 2701 391 2786 Episcopo
409 2707 442 2766 et
472 2701 602 2768 dilectis
626 2701 716 2785 liliis,
749 2697 900 2784 Capitulc
933 2699 1155 2784 Zagrabieusi,

54 2808 166 2875 salutem
205 2819 238 2876 et
282 2809 501 2892 apostolicam
542 2808 813 2875 benedictionem.
846 2807 949 2874 Justis
980 2809 1155 2892 petentium

54 2913 200 2985 desideriis
215 2917 352 3003 dignum
370 2924 420 2984 est
434 2937 493 2984 nos
505 2916 635 2984 facilem
652 2916 789 3002 prebere
800 2935 1004 3001 consensum,
1023 2922 1056 2981 ct
1067 2923 1154 3000 vota,
1233 2937 1236 2942 ·

57 3039 104 3102 ouo
130 3044 148 3088 a
173 3027 314 3094 rationis
345 3027 475 3092 tramite
507 3046 570 3092 non
587 3025 787 3110 discordant,
803 3024 920 3090 effectu
945 3041 1157 3108 prosequente

55 3131 200 3214 conplere.
225 3135 317 3201 Sane
333 3141 479 3218 tempore
495 3131 599 3200 delicis
616 3130 848 3200 recordationis
865 3130 1048 3218 l(nocentii)
1067 3134 1154 3219 Pape

5 3251 9 3348 Ιι
55 3237 268 3317 predecessoris
286 3243 400 3328 nostri,
417 3239 554 3310 dilectus
570 3241 656 3308 filius
680 3292 687 3306 .
706 3291 713 3308 .
731 3290 738 3305 .
763 3241 874 3306 Abbas
891 3239 1004 3307 Sancti
1021 3240 1154 3307 Martini

5 3349 7 3404 ῑ
53 3339 84 3406 dc
109 3344 274 3415 Pannonia
306 3369 364 3435 pro
396 3369 432 3417 se
464 3369 504 3414 ac
535 3347 705 3414 Conventu
737 3369 794 3415 suc
827 3347 920 3433 petiit
946 3367 967 3412 a
991 3351 1154 3434 tc,frater

5 3525 6 3554 p
54 3447 199 3540 Episcopo,
230 3477 271 3523 ac
297 3456 468 3523 Canonicis
493 3455 726 3540 Zagrabieusis
749 3455 904 3543 Ecclesia,
933 3475 1069 3541 quorum
1085 3478 1157 3543 pro-

55 3565 162 3628 curator
175 3563 218 3629 ad
233 3565 337 3632 hocin
348 3563 468 3630 iudicio
480 3567 699 3651 comparebat,
710 3564 855 3630 decimas
866 3566 1007 3630 omnium
1024 3567 1154 3651 frugum

5 3669 7 3748 j
55 3667 204 3738 etaliarun
230 3693 336 3739 rerum
354 3673 457 3768 partis
483 3672 666 3739 Comitatus·
679 3671 897 3756 Simigiensis,
923 3693 986 3757 que
1004 3683 1053 3740 est
1071 3677 1157 3742 ultra

55 3769 165 3842 larium
193 3781 351 3865 Dravam,
383 3800 443 3846 nce
477 3800 541 3846 uon
573 3786 606 3846 et
636 3779 835 3866 capellarum
859 3781 971 3846 Sancti
997 3782 1157 3868 Barnabe,

57 3876 154 3949 Sancte
169 3887 289 3971 Crucis,
308 3897 340 3956 ct
355 3889 475 3956 Sancte
502 3888 681 3971 Trinitatis,
701 3888 913 3955 existeucium
930 3889 963 3954 iu
980 3889 1156 3976 Vesprimi·

5 4011 7 4100 ]
56 3991 111 4056 unni
124 3992 257 4078 Dioccsi,
285 3997 366 4064 citra
381 3997 536 4083 Dravam,
564 4018 636 4062 oum
653 3995 811 4064 fructibus
828 3999 988 4083 perceptis
1007 4019 1048 4064 ex
1063 3999 1155 4085 ipsis,

57 4100 82 4158 el
106 4118 190 4168 omne
222 4105 273 4171 ius
305 4125 397 4171 sunm
431 4107 463 4170 iu
497 4103 651 4172 iudicium
669 4105 756 4171 circa
788 4105 958 4192 premissa,
991 4105 1154 4175 deducens

58 4205 235 4294 privilegium
269 4215 380 4280 Sancti
414 4213 572 4299 Stephani
613 4213 720 4298 Regis,
752 4221 783 4279 ct
810 4214 1074 4281 confirmaciones
1103 4214 1156 4298 pie

59 4318 187 4384 memorie
202 4319 389 4408 Alexandri,
410 4321 533 4388 Vrbaui
559 4328 591 4388 et
617 4320 792 4388 Clementis
814 4323 1029 4390 Romanorum
1047 4323 1156 4390 Ponti·

5 4441 7 4490 ς
60 4415 134 4488 icum
173 4431 212 4494 ad
242 4431 453 4504 intentionem
485 4451 576 4496 suam
618 4427 822 4497 fundandam
854 4451 952 4517 super
983 4421 1155 4518 principali

60 4531 193 4606 traduxit.
220 4537 270 4606 Aa
302 4557 364 4621 que
380 4545 569 4625 procurator
600 4546 709 4604 vester
726 4543 897 4623 utcumque
913 4538 1090 4624 respondit,
1124 4545 1156 4606 et

62 4639 114 4702 tarn
127 4645 256 4730 receptio
272 4648 415 4733 testium,
427 4667 522 4731 quarn
536 4665 633 4716 cause
650 4647 791 4730 cognitio
811 4646 978 4715 luitcortis
994 4647 1155 4715 indicibus
