3228 5198
653 339 698 405 29

592 423 754 438 —an———fl

21 523 23 616 i
125 539 223 600 autem
240 531 422 600 monachali
439 534 600 599 irretitam
618 526 760 612 vinculo,
786 549 850 615 que
874 531 966 597 iiinm
998 529 1163 598 alimentis
1189 531 1263 627 in·-

21 635 23 674 r
125 637 341 725 iumentisque
355 641 484 708 format
499 639 661 725 continue,
678 637 763 722 quod
787 629 873 706 reris
898 638 1056 723 probatur
1087 638 1241 705 assertio-
1525 697 1580 736 ἢ

21 751 23 826 l}
125 745 221 830 mire,
236 753 400 833 expertem
418 765 547 814 snorum
571 743 640 813 fieri
661 744 825 830 jusserat,
849 742 979 829 dicens,
1004 743 1072 812 illio
1103 752 1240 831 mortno,
1366 767 1367 770 ¹
1434 735 1435 738 '
1491 719 1581 838 ὶζῖζ

21 845 23 930 ἶ
126 851 192 919 bnic
205 853 299 921 nurui
314 853 410 938 qnasi
426 861 555 921 mortue
568 852 617 919 nil
642 851 754 920 deberi
780 852 862 922 dari.
901 853 1004 932 erem
1039 851 1138 922 etiam
1164 852 1235 936 jaim

21 949 23 1016 7
126 959 221 1028 dictus
236 960 464 1028 Dohrosiarns
480 960 568 1028 tilius
593 961 675 1047 ejus,
708 968 847 1047 paterna
877 967 983 1028 motus
1013 959 1147 1046 pietate.
1183 977 1241 1026 suc

95 1057 1241 1156 ·⁰⁰¹¹⁸⁰¹¹⁸¹²0⁰1¹iusitieksquamtrtnrsmnoveratmenschen,
1352 1055 1365 1066 ”
1488 1137 1492 1144 Ι
1586 1076 1588 1083 s

126 1174 229 1240 mdem
245 1173 445 1262 notificante,
462 1173 631 1242 moriendo
662 1193 720 1242 sue
749 1175 843 1242 iilum
876 1175 1084 1262 proprietatis
1117 1174 1243 1240 feneret

21 1323 22 1330 κ
125 1265 320 1377 participem,
337 1302 398 1369 par
414 1286 510 1351 boum
526 1282 589 1350 sibi
606 1282 753 1350 tribuens
769 1303 841 1350 cum
857 1283 926 1350 suis
942 1283 1090 1368 culturis,
1116 1299 1245 1350 aureos
1333 1307 1335 1312 ·

21 1377 23 1426 ἶ
125 1407 182 1470 que
195 1389 351 1476 rasiales,
369 1391 446 1474 quin
462 1391 560 1456 mam
578 1409 670 1456 suam
687 1389 826 1460 vineam.
851 1389 978 1478 Nempe
1008 1392 1171 1458 neminem
1196 1407 1245 1456 ee·
1314 1440 1316 1451 .

22 1543 23 1546 η
125 1495 234 1569 warns
249 1494 304 1562 iili
319 1496 530 1582 compotinari
545 1494 732 1584 hereditati,
749 1517 811 1564 sua
841 1497 1053 1584 pretermissa
1084 1496 1245 1581 conjuge;

124 1601 236 1686 qnippe
253 1602 401 1669 nondum
416 1605 488 1688 ipse
503 1612 598 1688 pater
613 1603 680 1671 alia
696 1605 848 1671 utebatur
863 1625 975 1672 uxore.
1007 1601 1105 1670 Unde
1119 1604 1245 1670 iactum

124 1713 179 1788 est,
194 1709 341 1794 utrisque
356 1717 468 1778 coram
483 1711 577 1779 nohis
592 1711 810 1797 litigantibus,
826 1710 970 1797 ipsamet
986 1711 1122 1776 domina
1151 1709 1247 1776 Vehs

125 1833 189 1880 curn
204 1836 264 1883 sua
280 1825 386 1886 matre
402 1819 541 1902 aliisque
555 1818 758 1904 propinquis,
777 1825 809 1883 ei
838 1838 880 1885 ex
912 1819 980 1884 alia
1013 1825 1107 1903 parte
1137 1816 1247 1884 Medio
1271 1862 1272 1868 κ

30 1968 33 1978 .
126 1921 231 2010 eleeto,
247 1923 385 2008 ejusque
407 1926 510 1992 fratre
533 1924 679 2005 Petrina,
712 1944 774 1992 nec
803 1945 866 1991 non
899 1923 1020 1990 Zanizo
1052 1924 1248 1993 Meuichirne

125 2027 196 2116 filio,
226 2033 477 2117 quampluribus
491 2033 565 2100 aliie
581 2032 849 2116 conjicientibus3
873 2031 1002 2100 demum
1018 2035 1111 2120 jussu
1136 2033 1247 2098 Presu-

124 2135 162 2202 lis
178 2137 370 2224 episcopa-ii,
386 2158 450 2223 quo
466 2139 671 2227 sedebamus,
689 2139 816 2225 egressi
833 2141 967 2226 palatio,
983 2137 1102 2206 ibidem
1134 2137 1245 2206 cister·
1268 2183 1274 2189 -

21 2285 23 2302 .
124 2261 194 2310 num
209 2244 436 2328 ingredientes
451 2246 608 2330 cumjam
626 2245 713 2314 dicto
731 2247 892 2333 Episcopo
917 2253 950 2315 ei
974 2247 1102 2314 Joanne
1121 2245 1247 2330 judica·

125 2354 200 2432 tore,
215 2352 294 2420 aliis
310 2353 485 2439 nubilibus,
502 2353 599 2420 ducto
615 2354 649 2420 in
665 2353 806 2420 medium
822 2357 1035 2435 utrorumque·
1060 2355 1247 2442 certamine,

125 2456 196 2539 quid
212 2458 288 2526 hinc
307 2463 353 2526 rei
372 2463 479 2528 exitus
494 2459 634 2546 doceret,
653 2461 836 2545 perscutari
852 2462 1007 2544 cepimus.
1047 2460 1142 2540 Quod
1161 2483 1250 2532 more

125 2569 330 2649 antiquorum
346 2566 527 2653 dijudicare
542 2570 702 2652 volentes,
719 2575 756 2634 ui
771 2567 844 2654 ipsa
860 2588 921 2634 sua
951 2570 1123 2635 frueretur·
1145 2578 1247 2655 parte,

125 2672 211 2740 velut
226 2677 255 2741 si
272 2675 369 2742 vivus
385 2676 527 2762 adesset,
543 2676 638 2761 cnjus
664 2675 808 2744 karitate
833 2695 870 2743 se
902 2678 1079 2745 monastice
1112 2675 1251 2746 dederat

126 2779 337 2867 perfectioni,
357 2783 417 2852 sed
432 2785 506 2851 huic
522 2787 570 2851 rei
587 2784 861 2852 compatientibus
876 2781 941 2852 hoc
956 2784 1132 2869 displicuit,
1150 2777 1250 2872 seque

126 2887 396 2974 archiepiscopali
411 2893 499 2959 velle
514 2891 648 2958 obedire
659 2892 787 2975 jndicio
803 2891 1057 2960 conclamabant.
1078 2891 1202 2970 Quibus
1220 2901 1254 2960 et

127 2992 183 3059 illa
198 3013 267 3062 una
282 2997 451 3066 nobiscum
470 2999 660 3086 assentiens,
678 2999 849 3085 sepissime
866 2999 1030 3083 invitavit,
1047 3007 1083 3066 ut
1099 3000 1143 3066 ad
1159 3019 1252 3068 suum

126 3118 196 3166 cum
212 3122 254 3172 ea
271 3102 359 3170 irent
373 3105 595 3192 propositum
619 3105 676 3188 qui
693 3105 753 3171 sub
769 3105 866 3172 unius
891 3107 969 3172 anni
991 3106 1125 3189 judiciis
1158 3108 1252 3176 nobis

126 3213 334 3280 cernentibus
351 3215 476 3280 centies
492 3211 646 3279 exlamati
679 3215 727 3279 ire
758 3220 943 3280 renuerunt.
979 3212 1070 3291 Quos
1101 3235 1158 3282 uos
1191 3218 1253 3286 hoc

125 3317 218 3384 modo
235 3318 444 3388 definivimus
460 3321 495 3388 in
510 3321 624 3406 primis
642 3321 720 3386 anni
736 3319 838 3403 illius,
854 3321 1009 3387 attributo
1026 3321 1090 3388 sihi
1106 3323 1251 3393 Tribuno

126 3422 301 3496 Trunnamo
317 3430 489 3514 hialupere
504 3427 580 3512 tilio,
594 3429 700 3513 partis
716 3427 830 3495 domus
846 3435 880 3494 et
897 3429 990 3495 vinee
1006 3429 1160 3497 heredem
1176 3449 1250 3498 eam
1379 3467 1381 3470 ·

127 3529 283 3617 fecimue5
308 3545 344 3604 ut
360 3536 414 3604 rel
430 3537 478 3603 sic
494 3538 678 3624 Spalatum,
697 3541 792 3621 prout
807 3538 1019 3624 expetierant,
1036 3557 1107 3604 cum
1126 3559 1166 3604 ea
1180 3561 1253 3625 pro·

126 3637 355 3712 dcisccrentur.
378 3645 507 3724 Quibus
523 3652 555 3713 et
572 3664 614 3710 cx
627 3643 691 3710 hoc
706 3643 838 3711 inducie
854 3663 876 3709 a
892 3663 1005 3711 mense
1029 3645 1117 3713 Julio
1148 3666 1252 3730 usque

127 3747 161 3812 in
175 3748 335 3818 Natalem
351 3754 485 3820 Domini
502 3750 622 3834 largite
647 3758 741 3836 snut;
765 3749 824 3819 sed
850 3753 1030 3836 procaciter
1059 3755 1256 3842 resistentes,

128 3862 211 3924 etse
228 3857 307 3924 hinc
323 3860 523 3926 subtraxere.
550 3856 757 3944 Quapropter
780 3859 850 3941 Ego
876 3859 1007 3942 Dragus
1038 3860 1138 3946 Prior,
1172 3885 1257 3930 com·

128 3985 225 4034 mune
241 3985 380 4034 servans
393 3973 644 4052 sacramentnm,
661 3951 824 4034 neminem
840 3967 955 4033 volens
972 3967 1015 4032 ab
1047 3967 1157 4051 aliquo
1189 3971 1254 4038 vim

126 4077 299 4159 sustinere,
315 4097 389 4142 cum
401 4075 473 4159 jam
488 4077 657 4143 nominato
674 4075 836 4161 Episcopo
852 4076 996 4160 aliisque
1022 4075 1184 4142 nobilibus
1211 4078 1255 4146 ad

128 4178 261 4250 domum
276 4183 367 4250 illius
384 4190 569 4270 pergentes,
586 4201 649 4266 que
665 4184 731 4250 sita
746 4189 796 4249 est
811 4183 846 4248 in
862 4181 1035 4264 quadrivio
1052 4181 1165 4249 Sancti
1196 4185 1253 4250 Pe·

126 4289 178 4374 tri,
194 4288 302 4372 legali
318 4288 379 4356 hoc
404 4290 595 4363 definientes
616 4288 752 4376 J'udicio,
783 4289 844 4356 snb
877 4289 1059 4376 episcopali
1092 4292 1258 4362 vinculato

29 4388 34 4396 ’
127 4404 295 4484 precepto,
311 4397 404 4466 illam
420 4397 550 4484 plenam
566 4398 688 4466 hahere
704 4401 830 4483 partem
844 4396 1012 4483 jussimus,
1038 4398 1168 4484 ipsique
1192 4421 1252 4470 nos

128 4505 198 4573 illis
215 4503 351 4572 domum
368 4507 545 4593 partientes
562 4507 700 4574 monach
720 4541 997 4558 -----
1017 4506 1254 4576 occidentalem

127 4601 260 4698 partem
277 4614 392 4682 domus
409 4613 579 4699 dedimus;
602 4613 750 4697 duasque
766 4612 868 4698 ulnas,
886 4617 919 4678 ct
936 4630 974 4680 eo
990 4616 1132 4700 amplius
1158 4614 1257 4682 medi-
