3184 5186
858 371 1017 473 ..Q

375 675 531 759 Langrab
546 684 578 743 ot
593 675 812 744 Bartholomei
829 676 970 744 secundo
988 697 1074 744 anno
1090 681 1164 761 post
1180 673 1361 743 discessum
1373 673 1508 741 'lantha-

376 803 491 868 rorum,
509 804 608 851 manu
623 785 829 871 vsnrpauerit
845 785 996 852 violenta.
1032 783 1082 851 Ex
1113 783 1254 852 aduerso
1283 783 1446 867 hangrab
1477 788 1509 849 et

377 891 625 960 Bartholomens
643 891 780 977 predicti
795 893 1040 979 responderunt,
1071 892 1159 978 qnod
1182 891 1244 959 illa
1273 889 1394 958 eadem
1427 887 1508 956 silua

376 1017 504 1083 semper
520 996 622 1066 suerit
637 998 741 1086 putris
757 999 910 1088 ipsorum,
936 997 1070 1068 comitis
1101 998 1241 1084 Remigij
1274 995 1448 1081 videlicet,
1478 1003 1508 1064 et

375 1127 511 1176 anorum
527 1107 687 1197 ipsorum;
712 1115 743 1176 et
758 1111 846 1195 qnod
860 1131 922 1197 per
937 1129 1053 1178 manus
1069 1109 1237 1177 hominnm
1267 1106 1357 1174 silua
1390 1123 1505 1171 memo

378 1221 450 1284 rata
465 1214 507 1283 do
522 1215 698 1300 glandibus
714 1217 905 1286 seminando
920 1218 1018 1286 fuerit
1034 1224 1216 1304 procreata
1253 1215 1295 1282 Et
1328 1233 1407 1282 oum
1439 1217 1507 1298 post

371 1323 628 1410 produceienem
643 1325 777 1394 testium
794 1343 891 1414 snper
916 1324 1063 1412 parcium
1094 1325 1281 1394 assercione
1313 1323 1350 1389 in
1384 1320 1507 1390 oetaeis

377 1431 492 1499 Sancti
507 1431 636 1502 Nicolai
653 1431 795 1502 duellum
810 1432 1260 1502 sdiudieatum-fuissetinter
1270 1436 1398 1518 partes,
1414 1429 1506 1496 adue·
1553 1425 1556 1532 i

377 1540 487 1608 niente
503 1541 575 1628 ipso
591 1543 728 1610 termino
745 1540 845 1609 duelli
861 1547 970 1628 partes
986 1547 1210 1627 comparentes
1225 1538 1269 1607 ad
1286 1538 1438 1606 duellum
1470 1534 1505 1600 de
1554 1553 1556 1630 i

374 567 417 634 rit
432 567 520 655 (igy)
538 569 626 636 silua
642 587 752 635 eorum
769 567 976 654 hereditarie,
993 575 1026 635 et
1040 571 1082 635 ub
1108 565 1188 651 ipsis
1220 573 1313 652 pater
1345 566 1506 634 dictorum

276 1671 279 1678 ⁴
379 1654 491 1718 nostra
507 1648 722 1737 permissione
736 1651 772 1717 in
789 1650 861 1717 loco
876 1669 987 1737 pugne
1003 1647 1181 1718 secuudum
1206 1647 1410 1716 sentenciam
1439 1661 1505 1731 pro·
1555 1668 1556 1680 ¹

379 1758 493 1826 borum
509 1756 651 1825 virorum
677 1757 712 1822 in
736 1757 833 1825 talem
866 1757 1139 1842 composicionem
1170 1753 1398 1838 deuenerunt;
1423 1749 1502 1836 quod

380 1863 480 1951 ijdem
496 1864 651 1950 Laugrab
668 1871 700 1932 et
715 1863 966 1933 Bartholomens
982 1863 1099 1931 dictum
1117 1863 1239 1931 siluam
1254 1861 1354 1950 Arisy
1373 1861 1414 1926 iu
1443 1866 1502 1926 tres
1554 1891 1556 1964 4

380 1977 490 2059 partes
507 1971 684 2041 diuidendo
700 1991 809 2040 coram
826 1970 1008 2040 testimonio
1037 1969 1176 2057 Capituli
1206 1966 1423 2038 Posonieneis
1451 1985 1502 2051 per
1555 1969 1556 2008 ³

379 2079 572 2168 pristaldum
589 2088 735 2148 noenum
750 2079 973 2147 Alexandrum
991 2079 1032 2148 de
1048 2099 1167 2165 genere
1182 2077 1275 2146 'lecit
1288 2076 1374 2146 duas
1399 2085 1498 2162 partes

380 2188 524 2256 eiusdem
540 2187 625 2255 silue
639 2185 859 2272 relinquerent
874 2185 970 2254 liaris
987 2194 1021 2254 et
1035 2186 1149 2254 Budou
1165 2185 1383 2272 supradietis;
1405 2198 1498 2249 rema·

379 2300 476 2362 nente
493 2295 594 2360 tercia
609 2299 704 2378 parte
720 2296 754 2362 in
771 2295 823 2361 ius
838 2294 993 2380 Laugrub
1010 2300 1043 2360 et
1050 2293 1268 2361 Bartholomei
1277 2293 1496 2378 predictorum.

379 2401 495 2470 Dinisa
510 2402 714 2486 postmodum
729 2402 805 2487 ipsa
820 2402 915 2488 silua,
933 2407 1028 2487 prout
1044 2399 1196 2489 diximus,
1229 2403 1263 2468 in
1278 2401 1333 2468 ius
1365 2399 1496 2487 parcium

380 2509 475 2577 modo
490 2507 637 2593 predicto
653 2528 710 2593 per
726 2509 986 2596 prenominatam
1005 2506 1200 2593 pristaldam
1230 2509 1292 2576 sub
1326 2504 1496 2576 testimonio

381 2618 459 2684 dicti
477 2617 623 2705 Capituli
638 2626 689 2686 est
705 2624 848 2703 statuta3
871 2619 1076 2703 permittente
1092 2623 1124 2684 et
1140 2618 1373 2686 consenciente
1398 2611 1495 2681 Buaad

380 2725 423 2792 de
439 2725 601 2812 Karacha,
634 2731 727 2811 prout
743 2727 774 2792 in
791 2725 908 2793 litteris
925 2724 1069 2792 eiusdem
1086 2725 1227 2811 Capituli
1242 2724 1385 2792 vidimus
1408 2721 1494 2787 conti·
1557 2717 1558 2722 ’

379 2834 462 2916 neri,
477 2817 572 2900 metis
589 2834 631 2901 ab
647 2833 786 2901 inuicem
803 2832 1002 2920 separando.
1035 2833 1121 2901 Mete
1145 2840 1253 2900 antem
1286 2833 1369 2900 dnae
1399 2835 1494 2915 partes
1557 2881 1558 2910 ἦ

380 2941 467 3008 dicte
483 2941 568 3009 silue
584 2943 617 3007 in
633 2942 684 3007 ins
700 2941 796 3007 Maris
812 2947 844 3008 et
860 2941 974 3007 Bndou
991 2938 1219 3026 predictorum,
1235 2959 1257 3006 a
1281 2939 1384 3008 tercia
1414 2937 1492 3020 parte
1556 2919 1558 2964 Ὗ

381 3048 536 3134 eiusdem,
563 3068 625 3132 que
651 3048 805 3135 predictis
837 3049 991 3132 Langrab
1023 3056 1055 3115 et
1087 3047 1321 3116 Bartholomeo
1352 3045 1489 3122 remanet,

381 3163 573 3242 separantes
589 3155 652 3223 hoe
677 3155 789 3225 ordine
821 3156 1061 3241 distinguntnr;
1086 3157 1170 3224 sicut
1198 3157 1295 3224 nobis
1327 3151 1491 3238 Capitulum
1556 3165 1558 3248 j

380 3263 582 3332 Posonienee
598 3263 632 3329 in
649 3263 716 3330 unis
731 3263 849 3330 litteris
865 3262 1069 3332 remandunit
1086 3291 1094 3332 :
1112 3263 1223 3330 Prima
1240 3269 1329 3330 meto
1344 3255 1488 3346 incipitin
1556 3251 1558 3320 i

379 3373 489 3459 eapite
505 3372 590 3440 silue
604 3371 792 3459 incipiendo
809 3379 941 3457 a'parte
957 3372 1223 3458 septemtrionali,
1253 3374 1310 3441 vbi
1335 3376 1409 3438 sunt
1435 3364 1487 3428 due

381 3488 465 3547 mete
479 3479 573 3548 iuxta
588 3481 753 3565 quandam
765 3479 938 3566 ¹antiquam
955 3487 1073 3548 meam
1092 3503 1100 3564 ;
1120 3478 1239 3547 deiude
1263 3476 1406 3563 procedit
1432 3491 1487 3540 ver·
1557 3503 1558 3522 ÷

380 3605 436 3654 sue
451 3587 621 3656 meridiem
649 3589 847 3656 transeundo
878 3587 1039 3656 fossatum
1070 3589 1240 3672 antiquum
1271 3583 1426 3654 veniendo
1451 3577 1486 3645 ad
1556 3671 1558 3678 4

380 3693 529 3763 arborem
545 3694 716 3779 qnerlrum,
732 3696 836 3763 donec
852 3695 1002 3762 veniatur
1018 3693 1062 3762 ad
1079 3713 1196 3761 uenam
1208 3712 1302 3777 aque,
1318 3710 1377 3777 que
1386 3688 1485 3755 dieitur
1557 3717 1558 3722 κ

377 3803 513 3890 Lapsar,
528 3801 730 3888 procedendo
749 3822 876 3891 semper
890 3803 1133 3888 quatuordecim
1144 3805 1236 3871 metis
1245 3803 1281 3869 in
1290 3807 1409 3888 septem
1418 3791 1484 3863 locia

381 3911 494 3999 positis
510 3931 624 3980 versus
641 3911 831 3997 meridiem3
856 3909 975 3980 deinde
991 3911 1138 3981 declinat
1162 3931 1275 3980 veram
1305 3907 1482 3978 occidentem
1557 3905 1558 3908 ’

380 4019 473 4088 iuxta
488 4019 672 4106 predictam
689 4041 806 4088 venam
822 4039 906 4105 uque
921 4017 1007 4086 dicte
1023 4020 1161 4105 Lapsar,
1177 4020 1281 4088 donec
1296 4005 1481 4087 veniatnrud
1556 3993 1558 4102 J

380 4125 516 4193 fundum
533 4125 620 4193 curie
636 4126 772 4194 Barleus
787 4126 846 4212 filij
865 4125 989 4211 Bnaad,
1004 4127 1061 4194 vbi
1077 4131 1152 4195 sunt
1168 4125 1231 4194 due
1262 4133 1363 4205 mete3
1384 4113 1480 4186 deiude

381 4233 514 4301 vertitur
531 4253 640 4303 versus
656 4236 918 4321 septemtrionem
934 4235 978 4303 ad
1003 4237 1149 4301 arborem
1181 4235 1254 4320 piri,
1286 4252 1347 4318 que
1375 4225 1479 4296 scilieet
1556 4209 1558 4312 i

380 4339 476 4408 arbor
491 4339 552 4425 piri
569 4347 619 4408 est
634 4340 668 4409 in
684 4341 790 4410 medio
807 4341 900 4410 unias
917 4347 1024 4427 mete;
1048 4338 1166 4409 deinde
1196 4341 1322 4408 venitur
1349 4336 1389 4404 ad
1414 4327 1479 4399 auti·

280 4467 284 4476 ·
381 4469 477 4534 quum
495 4447 666 4536 fossatum,
698 4448 785 4533 quod
801 4457 946 4518 remanet
961 4449 996 4515 in
1011 4454 1097 4517 terra
1113 4447 1257 4544 llarls'et
1287 4443 1429 4524 Bedunia,
1453 4439 1478 4499 el
1556 4438 1558 4502 i

381 4555 428 4623 ibi
444 4563 552 4622 erecte
567 4563 642 4624 sunt
658 4556 720 4624 due
737 4564 820 4626 mete
837 4554 1103 4640 iuxtaentiquam
1113 4561 1235 4623 metam
1245 4551 1476 4632 rersueuepttffl·
1555 4549 1558 4620 i

384 4663 540 4750 trionem3
564 4663 682 4732 deiude
698 4665 904 4752 protenditur
919 4665 1012 4732 iuxta
1037 4663 1122 4734 idem
1150 4665 1318 4750 antiquum
1345 4658 1473 4726 fossaltffll
1556 4625 1558 4700 i

1556 4805 1558 4870 l

1555 4903 1558 4998 l

1546 4999 1558 5156 l
