3116 5178
1273 11 1277 18 .
1378 2 1557 333 [afa]

828 333 832 352 '
903 353 1020 450 uu-.
1555 353 1557 406 ¹

379 549 547 633 captivum
563 546 724 614 hominum
735 531 911 636 redemisti,
927 555 959 613 et
970 547 1068 616 filium
1079 556 1168 614 tuum
1180 546 1273 616 nobis
1286 548 1456 637 tradidisti,
1467 559 1496 617 ut
1556 525 1557 536 ἵ

374 675 434 722 uos
449 655 603 722 servitute
637 655 800 739 eximeret,
832 655 965 738 vitaque
996 655 1170 723 immortali
1203 657 1352 724 donaret
1390 659 1439 723 ‘lu
1465 679 1495 726 ss
1555 735 1557 742 s

373 761 532 830 Dominus
548 761 646 842 Deus,
665 761 716 829 cui
732 762 841 830 omnia
856 771 945 828 recta
961 770 994 828 et
1016 767 1130 830 sancta
1162 765 1302 850 placent,
1332 763 1442 848 iniqua
1469 779 1496 832 et
1555 809 1557 816 ,

374 889 527 954 perversa
544 890 609 938 non
624 870 719 955 item;
744 879 776 938 et
793 891 867 937 cum
885 869 1035 938 diabolus
1051 868 1181 936 Lucifer
1197 874 1238 940 ob
1254 891 1350 938 suam
1367 891 1494 956 pravam

373 978 603 1062 cogitationem
621 985 653 1044 et
670 977 812 1044 nefarios
829 983 965 1045 mustus
982 999 1003 1043 a
1018 977 1148 1044 sublimi
1165 979 1270 1061 gloria
1286 998 1326 1043 ac
1345 977 1494 1046 felicitate
1556 975 1557 998 ³

373 1087 408 1152 in
423 1092 593 1152 aeternam
608 1083 820 1170 ignominiam
836 1083 1078 1167 cruciatumque
1095 1105 1166 1151 eum
1183 1085 1310 1169 angelis
1327 1087 1494 1170 perduelli·
1556 1125 1557 1128 =

372 1193 432 1260 bus
450 1189 619 1278 deciderit,
650 1193 776 1276 angelis
793 1193 850 1258 tibi
868 1191 1121 1274 obsequentibus
1137 1212 1175 1257 ac
1192 1191 1344 1260 fidelibus
1378 1196 1491 1262 socbm
1555 1203 1557 1262 ἐ

372 1308 588 1384 aeternaeque
604 1300 770 1368 beatitatis
787 1307 969 1368 consortem
988 1297 1108 1366 dedisti
1138 1297 1367 1368 intemeratam
1401 1302 1494 1370 illiba·

371 1413 502 1490 tamque
516 1405 684 1490 Virginem
700 1406 847 1490 Mariam,
880 1427 920 1470 ex
937 1426 1002 1488 qua
1019 1405 1110 1472 nasci
1134 1404 1286 1489 voluisti,
1313 1417 1435 1491 tuoque
1462 1411 1491 1474 in
1555 1389 1557 1482 ξ

371 1512 457 1580 bunc
473 1511 629 1579 mundum
645 1513 789 1580 adventu
805 1533 889 1579 mors
906 1518 1020 1580 nostra
1034 1510 1167 1597 interiit,
1183 1513 1320 1596 eiusque
1332 1515 1493 1602 imperium
1553 1517 1557 1604 ¹,

370 1620 507 1706 corruit,
533 1621 588 1704 qui
604 1620 691 1687 cruci
707 1619 826 1687 affixus
844 1621 944 1686 uitam
962 1621 1056 1686 nobis
1074 1623 1281 1706 comparasti.
1307 1622 1382 1707 Ego
1398 1623 1492 1688 Rado-

370 1729 482 1795 slavus
498 1728 621 1795 Summi
636 1749 676 1796 ac
693 1728 919 1816 Praepoteutis
935 1729 999 1796 Dei
1015 1729 1172 1796 beneficio
1197 1729 1269 1796 Rex
1301 1727 1439 1798 Serviae
1465 1739 1493 1795 cl
1555 1759 1557 1786 r

371 1835 459 1903 Orac
475 1835 665 1922 Maritimae,
684 1843 715 1903 et
731 1835 851 1903 iratres
862 1837 968 1919 Regni
986 1837 1048 1901 mei
1066 1836 1278 1904 Vladislavus
1295 1844 1330 1904 et
1345 1836 1491 1904 Uroscius

370 1943 537 2011 nobiscum
554 1943 616 2026 ipsi
633 1944 866 2028 reputavimus,
894 1951 926 2009 et
943 1950 1086 2009 nostram
1103 1945 1136 2009 in
1152 1944 1346 2011 memoriam
1372 1964 1490 2013 revoca·
1555 1949 1557 1998 ἶ

368 2051 473 2118 vimus
489 2050 647 2119 nuceram
664 2048 760 2117 fidem
777 2058 809 2118 et
830 2049 1031 2138 obsequium,
1049 2049 1136 2134 quod
1160 2050 1370 2118 honorabiles
1395 2052 1491 2118 nobis·
1555 2051 1557 2140 g

374 2179 436 2244 que
453 2159 565 2227 fideles
580 2159 667 2226 cives
685 2165 715 2224 el
731 2157 854 2244 patritii
870 2157 1090 2225 Catharonses
1113 2159 1348 2243 praestiterunt
1372 2158 1489 2245 parenti
1555 2145 1557 2242 i

370 2275 481 2334 nostro
498 2267 629 2334 domino
645 2263 811 2350 Stephano
827 2265 931 2350 primo
947 2271 1100 2331 coronato
1116 2264 1208 2348 Regi,
1240 2273 1272 2332 et
1298 2287 1367 2333 avo
1391 2271 1490 2335 nosbu
1555 2287 1557 2358 ᾗ

368 2373 489 2441 Sancto
505 2373 648 2440 Simeoni
665 2372 855 2457 Nemagnae
873 2373 977 2457 primo
994 2371 1027 2437 iu
1044 2371 1156 2456 gloria,
1183 2371 1238 2454 qui
1263 2371 1329 2438 luit
1356 2375 1490 2441 columen

370 2480 415 2547 roi
432 2480 655 2562 Christianae3
680 2485 712 2546 et
727 2487 835 2547 mente
849 2479 1047 2546 revolvimus
1063 2498 1185 2564 pravas
1217 2478 1347 2546 diaboli
1381 2480 1490 2565 cogita·

370 2588 484 2674 tiones,
502 2587 555 2673 qui
571 2586 702 2654 sublimi
719 2585 855 2653 scientia
871 2605 932 2653 sua
948 2587 1051 2654 elatus
1067 2587 1245 2653 conabatur
1270 2585 1384 2654 sedem
1408 2605 1488 2653 suam
1552 2605 1556 2704 1

369 2695 412 2762 ad
427 2695 626 2763 occidentem
643 2693 813 2772 collocare,
846 2699 877 2760 et
894 2692 1034 2760 similem
1062 2692 1229 2761 Altissimo
1256 2693 1327 2759 lieri
1358 2693 1489 2780 volebat,
1554 2707 1556 2784 l

371 2823 530 2889 quemque
547 2805 635 2870 Deus
652 2800 791 2867 omnium
808 2807 935 2868 mentes
950 2807 982 2866 et
998 2800 1236 2884 cognitationes
1267 2799 1489 2886 introspiciens
1554 2789 1556 2802 '

370 2913 458 2979 coelo
497 2909 644 2994 detrusit,
684 2909 891 2994 aeternisque
925 2907 1013 2994 apud
1045 2906 1165 2975 iuleros
1197 2906 1330 2993 ignibus
1363 2907 1488 2974 addixit.
1555 2907 1556 2936 ³

369 3017 489 3086 Postea
529 3017 808 3085 consideravimus
838 3017 940 3083 verba
971 3015 1031 3083 illa
1062 3015 1193 3083 Domini
1224 3013 1286 3080 Dei
1316 3014 1487 3083 Servatorls

367 3128 478 3206 nostri,
495 3146 578 3210 quae
609 3115 750 3192 Sanctus
766 3123 911 3192 Joamres
927 3123 961 3189 in
978 3143 1036 3190 ruo
1054 3121 1225 3207 evangelio
1248 3120 1432 3210 descripsit,
1461 3127 1488 3186 et
1553 3133 1555 3142 ⁴

368 3241 546 3320 praecepta
562 3252 646 3318 quae
660 3233 756 3300 Jesus
774 3229 921 3299 Christus
937 3231 1074 3297 Judaeis
1092 3228 1240 3315 tradidit,
1260 3249 1334 3296 cum
1345 3229 1488 3298 eosviem

369 3343 486 3409 salutis
503 3341 635 3408 doceret
653 3338 765 3406 dicens
784 3363 791 3402 :
811 3337 865 3405 »Si
883 3345 1059 3423 praecepta
1075 3356 1149 3404 mea
1164 3335 1387 3424 servaveritis,
1412 3341 1488 3404 certe
1553 3345 1555 3378 ἓ

369 3450 498 3534 quidem
516 3447 668 3532 discipuli
685 3446 749 3514 mei
767 3445 898 3530 eritis«,
922 3445 1066 3529 itemque
1083 3442 1141 3510 illa
1167 3443 1210 3509 ab
1235 3441 1351 3510 eodem
1377 3445 1487 3511 &uolo

370 3556 497 3624 Joanne
513 3557 639 3622 relata:
661 3553 768 3620 »Oves
784 3572 875 3620 meae
892 3571 1005 3619 vocem
1021 3571 1127 3618 meam
1144 3549 1290 3634 audiunt,
1324 3559 1359 3616 et
1382 3553 1487 3628 sciunt,

368 3669 400 3729 ct
416 3662 692 3730 ambulantinsta
708 3668 983 3748 praeceptamea,
1018 3669 1051 3726 et
1083 3677 1144 3744 ego
1178 3658 1263 3724 dabo
1294 3655 1364 3724 illis
1393 3658 1485 3724 vitam

366 3777 564 3837 aeternam«
589 3769 641 3835 Ad
657 3768 742 3836 burno
757 3768 855 3854 plane
871 3766 1005 3833 modum
1021 3767 1134 3834 fideles
1154 3763 1257 3832 nostri
1273 3763 1364 3832 cives
1382 3771 1414 3830 et
1436 3782 1486 3848 pa·

370 3877 454 3946 tricii
472 3877 688 3944 Catharenscs
705 3895 834 3961 semper·
859 3875 953 3940 nobis
972 3875 1166 3952 auscultant,
1184 3873 1342 3939 voluntati
1368 3877 1487 3968 rosnae

365 3988 602 4072 obtemperant,
619 3993 652 4050 et
667 3983 762 4050 nobis
777 4003 909 4068 prorsus
927 3981 1074 4048 omuibus
1092 3983 1125 4046 in
1142 3982 1241 4047 rebus
1257 3977 1345 4047 dicto
1362 3978 1484 4046 audieu-

364 4105 415 4161 tes
431 4100 518 4180 sunt,
536 4102 569 4160 et
584 4091 732 4158 omnibus
750 4091 866 4158 nostris
886 4089 1049 4155 mundalis
1066 4107 1232 4170 uunquam
1249 4107 1315 4153 non
1342 4086 1485 4154 obedieu-

367 4207 417 4267 tes
434 4219 471 4268 se
488 4203 728 4285 praestiterunt.
753 4199 817 4274 Qui
841 4219 901 4264 sua
926 4196 1102 4283 privilegia
1119 4203 1150 4263 et
1168 4194 1349 4280 diplomata
1380 4190 1484 4260 humili

363 4307 590 4392 submissoque
606 4307 715 4375 animo
731 4307 825 4374 nobis
843 4303 1299 4386 exbibueruntrPrivilegium
1315 4300 1482 4368 admodum

365 4416 501 4500 gloriosi
529 4415 624 4499 Regis
642 4415 790 4498 Georgii,
815 4417 870 4496 qui
886 4411 1164 4480 oum-tradidisset
1180 4409 1296 4478 iisdem
1315 4409 1483 4476 Outharen·
1547 4497 1552 4514 .

363 4524 454 4590 sibus
470 4523 657 4609 Prcglacam
676 4524 706 4588 in
727 4543 764 4588 eo
782 4525 850 4588 solu
868 4528 899 4590 et
914 4519 1124 4607 patrimonio,
1157 4517 1271 4601 inquo
1304 4535 1389 4582 nunc
1419 4510 1481 4578 refi-
1550 4573 1552 4606 ;

362 4631 830 4698 ciontetrestaurautacdern
857 4629 968 4696 Sancti
1000 4626 1197 4710 Archangeli
1227 4625 1306 4692 olim
1337 4623 1380 4689 ab
1409 4614 1481 4706 ipsis
1549 4619 1551 4710 l
